%% This BibTeX bibliography file was created using BibDesk.
%% http://www.cs.ucsd.edu/~mmccrack/bibdesk.html


%% Created for Spencer Smith at 2008-02-25 09:03:48 -0500 



@article{Parnas1976,
	Author = {David Parnas},
	Journal = {IEEE Transactions on Software Engineering},
	Keywords = {program families, step-wise refinement, modules},
	Number = {1},
	Pages = {1-9},
	Title = {On the design and development of program families},
	Volume = {SE-2},
	Year = {1976}}

@article{Weiss1998,
	Author = {David M. Weiss},
	Journal = {Lecture Notes in Computer Science},
	Keywords = {commonality analysis, program families},
	Local-Url = {/Users/smiths/LongTermArchives/Work/Research/References/ProgramFamilies/DefiningFamilies.ARES.pdf},
	Pages = {214--222},
	Title = {Commonality analysis: A systematic process for defining families},
	Url = {citeseer.ist.psu.edu/13585.html},
	Volume = {1429},
	Year = {1998}}

@inproceedings{ArdisAndWeiss1997,
	Author = {Mark Ardis and David M. Weiss},
	Booktitle = {Proceedings of the Nineteenth International Conference on Software Engineering},
	Keywords = {software engineering, domain analysis, domain engineering, families, software process, application-oriented languages, reuse, requirements engineering},
	Local-Url = {/Users/smiths/LongTermArchives/Work/Research/References/ProgramFamilies/ArdisAndWeiss_ProgFam.pdf},
	Pages = {649--650},
	Publisher = {ACM, Inc.},
	Title = {Defining families: The commonality analysis},
	Year = {1997}}

@article{Parnas1979,
	Author = {David L. Parnas},
	Journal = {IEEE Transactions on Software Engineering},
	Month = {March},
	Pages = {128-138},
	Title = {Designing Software for Ease of Extension and Contraction},
	Year = {1979}}

@inbook{Dijkstra1972,
	Author = {E. W. Dijkstra},
	Chapter = {Notes on Structured Programming},
	Editor = {O. J. Dahl and E. W. Dijkstra and C. A. R. Hoare},
	Publisher = {Academic Press, London},
	Title = {Structured Programming},
	Year = {1972}}

@phdthesis{Smith2001,
	Address = {Hamilton, ON, Canada},
	Author = {W. Spencer Smith},
	School = {McMaster University},
	Title = {Simulating the Cast Film Process Using an Updated {L}agrangian Finite Element Algorithm},
	Type = {Ph{D} Thesis},
	Url = {http://www.cas.mcmaster.ca/~smiths/PhD_abstract.html},
	Year = {2001}}

@article{RiceAndBoisvert1996,
	Author = {John R. Rice and Ronald F. Boisvert},
	Journal = {IEEE Computational Science \& Engineering},
	Local-Url = {file://localhost/Users/smiths/LongTermArchives/Work/Research/References/Problem_Solving_Environments/RiceAndBoisvert1996.pdf},
	Month = {Fall},
	Number = {3},
	Pages = {44--53},
	Title = {From Scientific Software Libraries to Problem-Solving Environments},
	Volume = {3},
	Year = {1996}}

@inproceedings{Veldhuizen1998,
	Author = {Todd. L. Veldhuizen},
	Booktitle = {Proceedings of the 2nd International Scientific Computing in Object-Oriented Parallel Environments ({ISCOPE}'98), Lecture Notes in Computer Science},
	Local-Url = {file://localhost/Users/smiths/LongTermArchives/Work/Research/References/GenerativeProgramming/Veldhuizen98.pdf},
	Publisher = {Springer-Verlag},
	Title = {Arrays in {Blitz++}},
	Year = {1998}}

@article{WhaleyEtAl2001,
	Author = {R. C. Whaley and A. Petitet and J. J. Dongarra},
	Journal = {Parallel Computing},
	Local-Url = {file://localhost/Users/smiths/LongTermArchives/Work/Research/References/GenerativeProgramming/WhaleyEtAl2001.pdf},
	Number = {1--2},
	Pages = {3--35},
	Title = {Automated empirical optimization of software and the {ATLAS} project},
	Volume = {27},
	Year = {2001}}

@article{Carette2006,
	Author = {Jacques Carette},
	Journal = {Science of Computer Programming},
	Keywords = {MetaOCaml, linear algebra, genericity, generative, staging},
	Local-Url = {file://localhost/Users/smiths/LongTermArchives/Work/Research/References/ScientificComputing/Carette2006.pdf},
	Number = {1},
	Pages = {3--24},
	Title = {Gaussian Elimination: A case study in efficient genericity with {M}eta{OC}aml},
	Volume = {62},
	Year = {2006}}

@book{PohlEtAl2005,
	Author = {K. Pohl and G. B\"{o}ckle and F. van der Linden},
	Publisher = {Springer-Verlag},
	Title = {Software Product Line Engineering: Foundations, Principles, and Techniques},
	Year = {2005}}

@book{ClementsAndNorthrop2001,
	Address = {Boston, MA, USA},
	Author = {Paul Clements and Linda M. Northrop},
	Publisher = {Addison-Wesley Longman Publishing Co., Inc.},
	Title = {Software product lines: practices and patterns},
	Year = {2001}}

@article{SmithEtAl2007,
	Author = {W. Spencer Smith and Lei Lai and Ridha Khedri},
	Journal = {Reliable Computing, Special Issue on Reliable Engineering Computation},
	Local-Url = {/Users/smiths/Work/Research/Papers/ReliableComputing/SmithLaiAndKhedri2007fulltext.pdf},
	Pages = {83--107},
	Title = {Requirements Analysis for Engineering Computation: A Systematic Approach for Improving Software Reliability},
	Volume = {13},
	Year = {2007}}

@inproceedings{SmithAndGao2005,
	Address = {Orlando, Florida},
	Author = {W. Spencer Smith and Huanchun Gao},
	Booktitle = {WMSCI 2005, The 9th World Multi-Conference on Systemics, Cybernetics and Informatics, Volume {VI}},
	Editor = {N. Callaos and R. H. Chavez and S. Franger and R. Raut and Z. He},
	Local-Url = {file://localhost/Users/smiths/Work/Research/Papers/WMSCI2005/SmithAndHuanFullPaper2005_AsSubmitted.pdf},
	Pages = {273--278},
	Title = {A Virtual Laboratory for Material Testing},
	Year = {2005}}

@book{Malvern1969,
	Author = {L. E. Malvern},
	Publisher = {Prentice Hall},
	Title = {Introduction to the Mechanics of Continuous Medium},
	Year = {1969}}

@inproceedings{SmithAndLai2005,
	Address = {Paris, France},
	Author = {W. Spencer Smith and Lei Lai},
	Booktitle = {Proceedings of the First International Workshop on Situational Requirements Engineering Processes -- Methods, Techniques and Tools to Support Situation-Specific Requirements Engineering Processes, SREP'05},
	Editor = {J. Ralyt\'{e} and P. \.{A}gerfalk and N. Kraiem},
	Local-Url = {file://localhost/Users/smiths/Work/Research/Papers/SREP05/SREP05_ReformatAndRevise/SmithAndLai_2005.pdf},
	Organization = {In conjunction with 13th IEEE International Requirements Engineering Conference},
	Pages = {107--121},
	Title = {A New Requirements Template for Scientific Computing},
	Year = {2005}}

@inproceedings{Smith2006,
	Address = {Minneapolis / St.\ Paul, Minnesota},
	Annote = {Conference Date in September{\par}Organization: Institute of Electrical and Electronics Engineers, Inc.{\par}Publisher: IEEE},
	Author = {W. Spencer Smith},
	Booktitle = {Proceedings of the 14th IEEE International Requirements Engineering Conference, RE 2006},
	Local-Url = {/Users/smiths/Work/Research/Papers/RE_2006/Smith2006_VersionAsPublished.pdf},
	Pages = {209--218},
	Title = {Systematic Development of Requirements Documentation for General Purpose Scientific Computing Software},
	Url = {http://www.ifi.unizh.ch/req/events/RE06/},
	Year = {2006}}

@book{ZienkiewiczEtAl2005,
	Author = {O. C. Zienkiewicz and R. L. Taylor and J. Z. Zhu},
	Edition = {6th},
	Publisher = {Elsevier Butterworth-Heinemann},
	Title = {The Finite Element Method Its Basis and Fundamentals},
	Year = {2005}}

@inproceedings{McCutchanAndSmith2007,
	Address = {London, Ontario, Canada},
	Author = {John McCutchan and Spencer Smith},
	Booktitle = {Proceedings of SNC 2007},
	Local-Url = {file://localhost/Users/smiths/Work/Research/Papers/SNC2007/Version3/snc/McCutchanAndSmith_AsSubmitted.pdf},
	Title = {A Virtual Material Testing Laboratory Using Symbolic Processing and Code Generation},
	Year = {rejected}}

@article{Perzyna1966,
	Author = {P. Perzyna},
	Journal = {Advances in Applied Mechanics},
	Pages = {243--377},
	Title = {Fundamental problems in viscoplasticity},
	Year = {1966}}

@article{Stolle1991,
	Author = {Dieter F. E. Stolle},
	Journal = {International Journal for Numerical and Analytical Methods in Geomechanics},
	Pages = {399--416},
	Title = {An Interpretation of Initial Stress and Strain Methods and Numerical Stability},
	Volume = {15},
	Year = {1991}}

@book{ZienkiewiczEtAl2005b,
	Author = {O. C. Zienkiewicz and R. L. Taylor},
	Edition = {6th},
	Publisher = {Elsevier Butterworth-Heinemann},
	Title = {The Finite Element Method For Solid and Structural Mechanics},
	Year = {2005}}

@book{BeerAndJohnston1985,
	Author = {F. P. Beer and E. R. Johnston},
	Publisher = {McGraw-Hill},
	Title = {Mechanics of Materials},
	Year = {1985}}

@book{Long1961,
	Address = {Englewood Cliffs, New Jersey},
	Author = {Robert R. Long},
	Publisher = {Prentice Hall},
	Title = {Mechanics of Solids and Fluids},
	Year = {1961}}

@book{Joseph1990,
	Address = {New York},
	Author = {D. D. Joseph},
	Publisher = {Springer Verlag},
	Title = {Fluid dynamics of viscoelastic liquids},
	Year = {1990}}

@article{Einstein1916,
	Author = {A. Einsten},
	Journal = {Annalen der Physik},
	Title = {The foundation of the General Theory of Relativity},
	Year = {1916}}

@article{DeursenEtAl2000,
	Author = {A.\~ van Deursen and P.\~Klint and J.\~Visser},
	Journal = {ACM SIGPLAN Notice},
	Month = {June},
	Number = {6},
	Pages = {26--36},
	Title = {Domain-specific Languages: An Annotated Bibliography},
	Volume = {35},
	Year = {2000}}

@article{ArnoldAndTan1989,
	Author = {S. Arnold and H. Tan},
	Journal = {Computational Mechanics},
	Pages = {237--246},
	Title = {Symbolic derivation of potential based constitutive equations},
	Year = {1989}}

@book{Pietruszczak1996,
	Author = {S. Pietruszczak},
	Publisher = {Course notes for Civil Engineering 746, McMaster University, Canada},
	Title = {Theory of Plasticity in Geomechanics},
	Year = {1996}}

@inproceedings{SmithMcCutchanAndCao2007,
	Address = {Montr\'{e}al, Qu\'{e}bec},
	Annote = {page numbers approximate - will update after get the proceedings{\par}- also check who are the editors of the proceedings},
	Author = {W. Spencer Smith and John McCutchan and Fang Cao},
	Booktitle = {7$^{th}$ OOPSLA Workshop on Domain Specific Modelling ({DSM}'07)},
	Editor = {Jonathan Sprinkle and Jeff Gray and Matti Rossi and Juha-Pekka Tolvanen},
	Local-Url = {/Users/smiths/Work/Research/Papers/OOPSLA_Workshop2007/ProgFamiliesInSciComp_CameraReady.pdf},
	Pages = {39--47},
	Title = {Program Families in Scientific Computing},
	Year = {2007}}

@book{Kreyszig1988,
	Author = {Erwin Kreyszig},
	Edition = {6th},
	Publisher = {John Wiley \& Sons, Inc.},
	Title = {Advanced Engineering Mathematics},
	Year = {1988}}

@article{CukaAndWeiss1997,
	Author = {David A. Cuka and David M. Weiss},
	Journal = {Submitted to IEEE Transactions on Software Engineering},
	Keywords = {software engineering, domain analysis, domain engineering, families, software process, application-oriented languages},
	Local-Url = {/Users/smiths/LongTermArchives/Work/Research/References/ProgramFamilies/CukaAndWeiss.pdf},
	Pages = {1 - 12},
	Title = {Specifying Executable Commands: An example of {FAST} domain engineering},
	Url = {http://www.research.avayalabs.com/user/weiss/Publications.html},
	Year = {1997}}

@book{WeissAndLai1999,
	Author = {D. Weiss and C.T.R. Lai},
	Publisher = {Addison-Wesley},
	Title = {Software Product Line Engineering},
	Year = {1999}}

@mastersthesis{Lai2004,
	Author = {Lei Lai},
	School = {McMaster University, Hamilton, Ontario, Canada},
	Title = {Requirements Documentation for Engineering Mechanics Software: Guidelines, Template and a Case Study},
	Year = {2004}}

@book{Mase1970,
	Author = {George E. Mase},
	Publisher = {McGraw-Hill Publishing Company},
	Title = {Schaum's Outline of Theory and Problems of Continuum Mechanics},
	Year = {1970}}

@article{SmithAndStolle2003,
	Author = {W. Spencer Smith and Dieter F. E. Stolle},
	Journal = {Polymer Engineering and Science},
	Local-Url = {file://localhost/Users/smiths/Work/Research/Papers/NumSimOfFilmCastUsingULAlgo/NumSimOfFilmCastUsingULAlgo.pdf},
	Number = {5},
	Pages = {1105--1122},
	Title = {Numerical Simulation of Film Casting Using an Updated {L}agrangian Finite Element Algorithm},
	Volume = {43},
	Year = {2003}}

@article{BorjaAndLee1991,
	Author = {R. I. Borja and S. R. Lee},
	Journal = {Computer Methods in Applied Mechanics and Engineering},
	Number = {78},
	Pages = {48--72},
	Title = {Cam-Clay Plasticity, Part {I}: Implicit Integration of Elasto-Plastic Constitutive Relations},
	Year = {1991}}

@mastersthesis{McCutchan2007,
	Author = {John McCutchan},
	Local-Url = {file://localhost/Users/smiths/Work/Research/GradStudents/JohnMcCutchan/thesis/thesis/build/Thesis.pdf},
	School = {McMaster University},
	Title = {A generative approach to a virtual material testing laboratory},
	Year = {2007}}

@mastersthesis{Gao2004,
	Author = {Huanchun Gao},
	School = {McMaster University},
	Title = {A Framework for a Virtual Material Testing Laboratory},
	Year = {2004}}

@article{Kato2006,
	Author = {Yasuyuki Kato},
	Journal = {JSME International Journal Series A},
	Keywords = {finite deformation theory, numerical analysis, nonlinear problem, natural strain, angular strain, rate of deformation tensor, plasticity, deformation history},
	Local-Url = {file://localhost/Users/smiths/LongTermArchives/Work/Research/References/ComputationalMechanics/Kato2006.pdf},
	Number = {3},
	Pages = {436--443},
	Title = {Finite Deformation Analysis Using Natural Strain (On Comparison with Other STrain Expression under Three Different Types of Deformation Paths and the Rationality of Natural Strain},
	Url = {http://www.jstage.jst.go.jp/article/jsmea/49/3/49_436/_article},
	Volume = {49},
	Year = {2006}}

@techreport{SmithAndChen2004b,
	Author = {W. Spencer Smith and Chien-Hsien Chen},
	Institution = {McMaster University, Department of Computing and Software},
	Local-Url = {file://localhost/Users/smiths/Work/Research/WorkingDocs/MeshGenSyst/CommAnalysisMeshGen/CAS%2004-10-SS.pdf},
	Number = {CAS-04-10-SS},
	Title = {Commonality analysis for mesh generating systems},
	Type = {Technical Report},
	Year = {2004}}