@article{SCFamilies,
  key = "SCFamilies",
  title = {{Program Families in Scientific Computing}},
  author = {Spencer Smith, John McCutchan, Fang Cao},
  year = {}

}

@article{MaterialsCA,
  key = "MaterialsCA",
  title = {{Commonality Analysis for a Family of Material Models}},
  author = {Spencer Smith, John McCutchan, Jacques Carette},
  year = 2012
}

@article{PhyDSL,
  key = "PhyDSL",
  title = {{PhyDSL: A Code-generation Environtment for 2D Physics-based Games}},
  author = {Victor Guana, Eleni Stroulia},
  year = 2014
}

@article{MeshCA,
  key = MeshCA,
  title = {{Commonality Analysis for Mesh Generating Systems}},
  author = {Spencer Smith, C. H. Chen},
  year = 2004
}