@article{SCFamilies,
  key = "SCFamilies",
  title = {{Program Families in Scientific Computing}},
  author = {Spencer Smith and John McCutchan and Fang Cao},
  year = 2007

}

@article{MaterialsCA,
  key = "MaterialsCA",
  title = {{Commonality Analysis for a Family of Material Models}},
  author = {Spencer Smith and John McCutchan and Jacques Carette},
  year = 2012
}

@article{PhyDSL,
  key = "PhyDSL",
  title = {{PhyDSL: A Code-generation Environtment for 2D Physics-based Games}},
  author = {Victor Guana and Eleni Stroulia},
  year = 2014
}

@article{MeshCA,
  key = MeshCA,
  title = {{Commonality Analysis for Mesh Generating Systems}},
  author = {Spencer Smith and C. H. Chen},
  year = 2004
}

@article{FASTDomain,
  key = FASTDomain,
  title = {{Specifying Executable Commands: An Example of FAST Domain Engineering}},
  author = {David A. Cuke and David M. Weiss},
  year = 1997
}


@article{SoftwarePL,
  key = SoftwarePL,
  title = {{Software product-line engineering: a family-based software development process}},
  author = {David M. Weiss and Chi Tau Robert Lai},
  year = 1999
}