%% This BibTeX bibliography file was created using BibDesk.
%% http://bibdesk.sourceforge.net/


%% Created for Spencer Smith at 2017-07-17 17:57:44 -0400 


%% Saved with string encoding Unicode (UTF-8) 



@inproceedings{Parnas2010,
	Author = {David Lorge Parnas},
	Bibsource = {dblp computer science bibliography, http://dblp.org},
	Biburl = {http://dblp.uni-trier.de/rec/bib/conf/birthday/Parnas10},
	Booktitle = {The Future of Software Engineering},
	Date-Added = {2017-07-17 21:57:35 +0000},
	Date-Modified = {2017-07-17 21:57:35 +0000},
	Doi = {10.1007/978-3-642-15187-3_8},
	Pages = {125--148},
	Timestamp = {Tue, 30 Aug 2011 14:09:42 +0200},
	Title = {Precise Documentation: The Key to Better Software},
	Url = {http://dx.doi.org/10.1007/978-3-642-15187-3_8},
	Year = {2010},
	Bdsk-File-1 = {YnBsaXN0MDDUAQIDBAUGJCVYJHZlcnNpb25YJG9iamVjdHNZJGFyY2hpdmVyVCR0b3ASAAGGoKgHCBMUFRYaIVUkbnVsbNMJCgsMDxJXTlMua2V5c1pOUy5vYmplY3RzViRjbGFzc6INDoACgAOiEBGABIAFgAdccmVsYXRpdmVQYXRoWWFsaWFzRGF0YV8QNS4uLy4uLy4uL3NlNHNjL1NjaUNvbXBBbmRTb2Z0RW5nUGFwZXJzL1Bhcm5hczIwMTAucGRm0hcLGBlXTlMuZGF0YU8RAcwAAAAAAcwAAgAADE1hY2ludG9zaCBIRAAAAAAAAAAAAAAAAAAAAM6Xc4NIKwAACTH9DQ5QYXJuYXMyMDEwLnBkZgAAAAAAAAAAAAAAAAAAAAAAAAAAAAAAAAAAAAAAAAAAAAAAAAAAAAAAAAAAAAAAAAAJMf1C028E0wAAAAAAAAAAAAMAAwAACSAAAAAAAAAAAAAAAAAAAAAXU2NpQ29tcEFuZFNvZnRFbmdQYXBlcnMAABAACAAAzperwwAAABEACAAA0289EwAAAAEAFAkx/Q0JMe7HABIVpwAI92YAAmSOAAIAUU1hY2ludG9zaCBIRDpVc2VyczoAc21pdGhzOgBSZXBvczoAc2U0c2M6AFNjaUNvbXBBbmRTb2Z0RW5nUGFwZXJzOgBQYXJuYXMyMDEwLnBkZgAADgAeAA4AUABhAHIAbgBhAHMAMgAwADEAMAAuAHAAZABmAA8AGgAMAE0AYQBjAGkAbgB0AG8AcwBoACAASABEABIAP1VzZXJzL3NtaXRocy9SZXBvcy9zZTRzYy9TY2lDb21wQW5kU29mdEVuZ1BhcGVycy9QYXJuYXMyMDEwLnBkZgAAEwABLwAAFQACAA3//wAAgAbSGxwdHlokY2xhc3NuYW1lWCRjbGFzc2VzXU5TTXV0YWJsZURhdGGjHR8gVk5TRGF0YVhOU09iamVjdNIbHCIjXE5TRGljdGlvbmFyeaIiIF8QD05TS2V5ZWRBcmNoaXZlctEmJ1Ryb290gAEACAARABoAIwAtADIANwBAAEYATQBVAGAAZwBqAGwAbgBxAHMAdQB3AIQAjgDGAMsA0wKjAqUCqgK1Ar4CzALQAtcC4ALlAvIC9QMHAwoDDwAAAAAAAAIBAAAAAAAAACgAAAAAAAAAAAAAAAAAAAMR},
	Bdsk-Url-1 = {http://dx.doi.org/10.1007/978-3-642-15187-3_8}}

@inproceedings{SmithJegatheesanAndKelly2016,
	Author = {W. Spencer Smith and Thulasi Jegatheesan and Diane F. Kelly},
	Booktitle = {Proceedings of the Fourth International Workshop on Software Engineering for High Performance Computing in Computational Science and Engineering (SE-HPCCE)},
	Date-Added = {2016-11-23 14:33:36 +0000},
	Date-Modified = {2016-11-23 14:33:36 +0000},
	Month = {November},
	Note = {8 pp},
	Title = {Advantages, Disadvantages and Misunderstandings About Document Driven Design for Scientific Software},
	Year = {2016},
	Bdsk-File-1 = {YnBsaXN0MDDUAQIDBAUGJCVYJHZlcnNpb25YJG9iamVjdHNZJGFyY2hpdmVyVCR0b3ASAAGGoKgHCBMUFRYaIVUkbnVsbNMJCgsMDxJXTlMua2V5c1pOUy5vYmplY3RzViRjbGFzc6INDoACgAOiEBGABIAFgAdccmVsYXRpdmVQYXRoWWFsaWFzRGF0YV8QQi4uLy4uLy4uL3NlNHNjL1dyaXRpbmcvU0VIUENDU0UxNi9TbWl0aEplZ2F0aGVlc2FuQW5kS2VsbHkyMDE2LnBkZtIXCxgZV05TLmRhdGFPEQH+AAAAAAH+AAIAAAxNYWNpbnRvc2ggSEQAAAAAAAAAAAAAAAAAAADOl3ODSCsAAAl06nIfU21pdGhKZWdhdGhlZXNhbkFuZCM5RjJBRjRGLnBkZgAAAAAAAAAAAAAAAAAAAAAAAAAAAAAAAAAAAAAAAAAACfKvT9QiuY4AAAAAAAAAAAADAAQAAAkgAAAAAAAAAAAAAAAAAAAAClNFSFBDQ1NFMTYAEAAIAADOl6vDAAAAEQAIAADUIvHOAAAAAQAYCXTqcgkx/WkJMe7HABIVpwAI92YAAmSOAAIAXk1hY2ludG9zaCBIRDpVc2VyczoAc21pdGhzOgBSZXBvczoAc2U0c2M6AFdyaXRpbmc6AFNFSFBDQ1NFMTY6AFNtaXRoSmVnYXRoZWVzYW5BbmQjOUYyQUY0Ri5wZGYADgBCACAAUwBtAGkAdABoAEoAZQBnAGEAdABoAGUAZQBzAGEAbgBBAG4AZABLAGUAbABsAHkAMgAwADEANgAuAHAAZABmAA8AGgAMAE0AYQBjAGkAbgB0AG8AcwBoACAASABEABIATFVzZXJzL3NtaXRocy9SZXBvcy9zZTRzYy9Xcml0aW5nL1NFSFBDQ1NFMTYvU21pdGhKZWdhdGhlZXNhbkFuZEtlbGx5MjAxNi5wZGYAEwABLwAAFQACAA3//wAAgAbSGxwdHlokY2xhc3NuYW1lWCRjbGFzc2VzXU5TTXV0YWJsZURhdGGjHR8gVk5TRGF0YVhOU09iamVjdNIbHCIjXE5TRGljdGlvbmFyeaIiIF8QD05TS2V5ZWRBcmNoaXZlctEmJ1Ryb290gAEACAARABoAIwAtADIANwBAAEYATQBVAGAAZwBqAGwAbgBxAHMAdQB3AIQAjgDTANgA4ALiAuQC6QL0Av0DCwMPAxYDHwMkAzEDNANGA0kDTgAAAAAAAAIBAAAAAAAAACgAAAAAAAAAAAAAAAAAAANQ},
	Bdsk-Url-1 = {http://se4science.org/workshops/sehpccse16/cfp.htm}}

@article{WilsonEtAl2014,
	Added-At = {2014-03-03T18:16:10.000+0100},
	Author = {Wilson, Greg and Aruliah, D. A. and Brown, C. Titus and Chue Hong, Neil P. and Davis, Matt and Guy, Richard T. and Haddock, Steven H. D. and Huff, Kathryn D. and Mitchell, Ian M. and Plumbley, Mark D. and Waugh, Ben and White, Ethan P. and Wilson, Paul},
	Biburl = {http://www.bibsonomy.org/bibtex/2e9c3845ce2e86e3f7114c49315c27225/quantentunnel},
	Date-Added = {2016-11-23 14:32:56 +0000},
	Date-Modified = {2016-11-23 14:32:56 +0000},
	Description = {PLOS Biology: Best Practices for Scientific Computing},
	Doi = {10.1371/journal.pbio.1001745},
	File = {Wilson2014.pdf:Artikel/Wilson2014.pdf:PDF},
	Groups = {public},
	Interhash = {fd2c034991e7c6c9ca88116ce0a09eab},
	Intrahash = {e9c3845ce2e86e3f7114c49315c27225},
	Journal = {PLoS Biol},
	Keywords = {coding programming scientific-practice},
	Month = {01},
	Number = 1,
	Pages = {e1001745},
	Publisher = {Public Library of Science},
	Timestamp = {2014-03-14T11:31:44.000+0100},
	Title = {Best Practices for Scientific Computing},
	Url = {http://dx.doi.org/10.1371%2Fjournal.pbio.1001745},
	Username = {quantentunnel},
	Volume = 12,
	Year = 2014,
	Bdsk-Url-1 = {http://dx.doi.org/10.1371%2Fjournal.pbio.1001745},
	Bdsk-Url-2 = {http://dx.doi.org/10.1371/journal.pbio.1001745}}

@article{Kelly2007,
	Address = {Los Alamitos, CA, USA},
	Author = {Diane F. Kelly},
	Date-Added = {2016-11-23 05:41:07 +0000},
	Date-Modified = {2016-11-23 05:41:07 +0000},
	Doi = {http://dx.doi.org/10.1109/MS.2007.155},
	Issn = {0740-7459},
	Journal = {IEEE Softw.},
	Local-Url = {file://localhost/Users/smiths/LongTermArchives/Work/Research/References/SciCompAndSoftEng/Kelly2007.pdf},
	Number = {6},
	Pages = {120--119},
	Publisher = {IEEE Computer Society Press},
	Title = {A Software Chasm: Software Engineering and Scientific Computing},
	Volume = {24},
	Year = {2007},
	Bdsk-File-1 = {YnBsaXN0MDDUAQIDBAUGJCVYJHZlcnNpb25YJG9iamVjdHNZJGFyY2hpdmVyVCR0b3ASAAGGoKgHCBMUFRYaIVUkbnVsbNMJCgsMDxJXTlMua2V5c1pOUy5vYmplY3RzViRjbGFzc6INDoACgAOiEBGABIAFgAdccmVsYXRpdmVQYXRoWWFsaWFzRGF0YV8QcS4uLy4uLy4uL09MRF9TVk4vbW1zY09MRF9TVk4vRG9tYWluWC9aaGVuZyBaZW5nL1dyaXRpbmdzL1JlZmVyZW5jZXMvUGFwZXJzT25Tb2Z0RW5nQXBwbGllZFRvU2NpQ29tcC9LZWxseTIwMDcucGRm0hcLGBlXTlMuZGF0YU8RAmIAAAAAAmIAAgAADE1hY2ludG9zaCBIRAAAAAAAAAAAAAAAAAAAAM6Xc4NIKwAAApHE0w1LZWxseTIwMDcucGRmAAAAAAAAAAAAAAAAAAAAAAAAAAAAAAAAAAAAAAAAAAAAAAAAAAAAAAAAAAAAAAAAAAACkcUN0CEsQAAAAAAAAAAAAAMACAAACSAAAAAAAAAAAAAAAAAAAAAfUGFwZXJzT25Tb2Z0RW5nQXBwbGllZFRvU2NpQ29tcAAAEAAIAADOl6vDAAAAEQAIAADQIWSAAAAAAQAoApHE0wKRxKgCkcSmApHEdwKRxHUCkcRMCTH+pwASFacACPdmAAJkjgACAJJNYWNpbnRvc2ggSEQ6VXNlcnM6AHNtaXRoczoAUmVwb3M6AE9MRF9TVk46AG1tc2NPTERfU1ZOOgBEb21haW5YOgBaaGVuZyBaZW5nOgBXcml0aW5nczoAUmVmZXJlbmNlczoAUGFwZXJzT25Tb2Z0RW5nQXBwbGllZFRvU2NpQ29tcDoAS2VsbHkyMDA3LnBkZgAOABwADQBLAGUAbABsAHkAMgAwADAANwAuAHAAZABmAA8AGgAMAE0AYQBjAGkAbgB0AG8AcwBoACAASABEABIAe1VzZXJzL3NtaXRocy9SZXBvcy9PTERfU1ZOL21tc2NPTERfU1ZOL0RvbWFpblgvWmhlbmcgWmVuZy9Xcml0aW5ncy9SZWZlcmVuY2VzL1BhcGVyc09uU29mdEVuZ0FwcGxpZWRUb1NjaUNvbXAvS2VsbHkyMDA3LnBkZgAAEwABLwAAFQACAA3//wAAgAbSGxwdHlokY2xhc3NuYW1lWCRjbGFzc2VzXU5TTXV0YWJsZURhdGGjHR8gVk5TRGF0YVhOU09iamVjdNIbHCIjXE5TRGljdGlvbmFyeaIiIF8QD05TS2V5ZWRBcmNoaXZlctEmJ1Ryb290gAEACAARABoAIwAtADIANwBAAEYATQBVAGAAZwBqAGwAbgBxAHMAdQB3AIQAjgECAQcBDwN1A3cDfAOHA5ADngOiA6kDsgO3A8QDxwPZA9wD4QAAAAAAAAIBAAAAAAAAACgAAAAAAAAAAAAAAAAAAAPj},
	Bdsk-Url-1 = {http://dx.doi.org/10.1109/MS.2007.155}}

@inproceedings{Owen1998,
	Author = {Steven J. Owen},
	Booktitle = {INTERNATIONAL MESHING ROUNDTABLE},
	Date-Added = {2016-11-23 05:40:51 +0000},
	Date-Modified = {2016-11-23 05:40:51 +0000},
	Pages = {239--267},
	Title = {A Survey of Unstructured Mesh Generation Technology},
	Year = {1998},
	Bdsk-File-1 = {YnBsaXN0MDDUAQIDBAUGJCVYJHZlcnNpb25YJG9iamVjdHNZJGFyY2hpdmVyVCR0b3ASAAGGoKgHCBMUFRYaIVUkbnVsbNMJCgsMDxJXTlMua2V5c1pOUy5vYmplY3RzViRjbGFzc6INDoACgAOiEBGABIAFgAdccmVsYXRpdmVQYXRoWWFsaWFzRGF0YV8QMS4uLy4uLy4uLy4uL1dvcmsvUmVzZWFyY2gvUmVmZXJlbmNlcy9Pd2VuMTk5OC5wZGbSFwsYGVdOUy5kYXRhTxEBngAAAAABngACAAAMTWFjaW50b3NoIEhEAAAAAAAAAAAAAAAAAAAAzpdzg0grAAAAFwIMDE93ZW4xOTk4LnBkZgAAAAAAAAAAAAAAAAAAAAAAAAAAAAAAAAAAAAAAAAAAAAAAAAAAAAAAAAAAAAAAAAAAAAO8UQHQsLIWAAAAAAAAAAAABAAEAAAJIAAAAAAAAAAAAAAAAAAAAApSZWZlcmVuY2VzABAACAAAzperwwAAABEACAAA0LD4ZgAAAAEAFAAXAgwAFwBNABb97QAI92YAAmSOAAIARE1hY2ludG9zaCBIRDpVc2VyczoAc21pdGhzOgBXb3JrOgBSZXNlYXJjaDoAUmVmZXJlbmNlczoAT3dlbjE5OTgucGRmAA4AGgAMAE8AdwBlAG4AMQA5ADkAOAAuAHAAZABmAA8AGgAMAE0AYQBjAGkAbgB0AG8AcwBoACAASABEABIAMlVzZXJzL3NtaXRocy9Xb3JrL1Jlc2VhcmNoL1JlZmVyZW5jZXMvT3dlbjE5OTgucGRmABMAAS8AABUAAgAN//8AAIAG0hscHR5aJGNsYXNzbmFtZVgkY2xhc3Nlc11OU011dGFibGVEYXRhox0fIFZOU0RhdGFYTlNPYmplY3TSGxwiI1xOU0RpY3Rpb25hcnmiIiBfEA9OU0tleWVkQXJjaGl2ZXLRJidUcm9vdIABAAgAEQAaACMALQAyADcAQABGAE0AVQBgAGcAagBsAG4AcQBzAHUAdwCEAI4AwgDHAM8CcQJzAngCgwKMApoCngKlAq4CswLAAsMC1QLYAt0AAAAAAAACAQAAAAAAAAAoAAAAAAAAAAAAAAAAAAAC3w==}}

@article{Merali2010,
	Annote = {doi:10.1038/467775a 

article and comments at: http://www.nature.com/news/2010/101013/full/467775a.html},
	Author = {Zeeya Merali},
	Date-Added = {2016-11-23 05:40:41 +0000},
	Date-Modified = {2016-11-23 05:40:41 +0000},
	Journal = {Nature},
	Pages = {775--777},
	Title = {Computational science: ...Error},
	Volume = {467},
	Year = {2010},
	Bdsk-File-1 = {YnBsaXN0MDDUAQIDBAUGJCVYJHZlcnNpb25YJG9iamVjdHNZJGFyY2hpdmVyVCR0b3ASAAGGoKgHCBMUFRYaIVUkbnVsbNMJCgsMDxJXTlMua2V5c1pOUy5vYmplY3RzViRjbGFzc6INDoACgAOiEBGABIAFgAdccmVsYXRpdmVQYXRoWWFsaWFzRGF0YV8QVi4uLy4uLy4uLy4uL0xvbmdUZXJtQXJjaGl2ZXMvV29yay9SZXNlYXJjaC9SZWZlcmVuY2VzL1NjaUNvbXBBbmRTb2Z0RW5nL01lcmFsaTIwMTAucGRm0hcLGBlXTlMuZGF0YU8RAfgAAAAAAfgAAgAADE1hY2ludG9zaCBIRAAAAAAAAAAAAAAAAAAAAMbFYQBIKwAAABKnkg5NZXJhbGkyMDEwLnBkZgAAAAAAAAAAAAAAAAAAAAAAAAAAAAAAAAAAAAAAAAAAAAAAAAAAAAAAAAAAAAAAAAAA961Ey16mzAAAAAAAAAAAAAQABgAACSAAAAAAAAAAAAAAAAAAAAARU2NpQ29tcEFuZFNvZnRFbmcAABAACAAAxsWZQAAAABEACAAAy17tHAAAAAEAHAASp5IAEqI2ABKgygASoKkAEqClAAhZ9wAAfGMAAgBkTWFjaW50b3NoIEhEOlVzZXJzOnNtaXRoczpMb25nVGVybUFyY2hpdmVzOldvcms6UmVzZWFyY2g6UmVmZXJlbmNlczpTY2lDb21wQW5kU29mdEVuZzpNZXJhbGkyMDEwLnBkZgAOAB4ADgBNAGUAcgBhAGwAaQAyADAAMQAwAC4AcABkAGYADwAaAAwATQBhAGMAaQBuAHQAbwBzAGgAIABIAEQAEgBXVXNlcnMvc21pdGhzL0xvbmdUZXJtQXJjaGl2ZXMvV29yay9SZXNlYXJjaC9SZWZlcmVuY2VzL1NjaUNvbXBBbmRTb2Z0RW5nL01lcmFsaTIwMTAucGRmAAATAAEvAAAVAAIADf//AACABtIbHB0eWiRjbGFzc25hbWVYJGNsYXNzZXNdTlNNdXRhYmxlRGF0YaMdHyBWTlNEYXRhWE5TT2JqZWN00hscIiNcTlNEaWN0aW9uYXJ5oiIgXxAPTlNLZXllZEFyY2hpdmVy0SYnVHJvb3SAAQAIABEAGgAjAC0AMgA3AEAARgBNAFUAYABnAGoAbABuAHEAcwB1AHcAhACOAOcA7AD0AvAC8gL3AwIDCwMZAx0DJAMtAzIDPwNCA1QDVwNcAAAAAAAAAgEAAAAAAAAAKAAAAAAAAAAAAAAAAAAAA14=}}

@inproceedings{KellyAndSanders2008a,
	Author = {Diane Kelly and Rebecca Sanders},
	Booktitle = {Proceedings of the Conference for the Association for Software Testing},
	Date-Added = {2016-11-12 19:51:02 +0000},
	Date-Modified = {2016-11-12 19:51:02 +0000},
	Pages = {30--36},
	Title = {The challenge of testing scientific software},
	Year = {2008},
	Bdsk-File-1 = {YnBsaXN0MDDUAQIDBAUGJCVYJHZlcnNpb25YJG9iamVjdHNZJGFyY2hpdmVyVCR0b3ASAAGGoKgHCBMUFRYaIVUkbnVsbNMJCgsMDxJXTlMua2V5c1pOUy5vYmplY3RzViRjbGFzc6INDoACgAOiEBGABIAFgAdccmVsYXRpdmVQYXRoWWFsaWFzRGF0YV8QPi4uLy4uLy4uL3NlNHNjL1NjaUNvbXBBbmRTb2Z0RW5nUGFwZXJzL0tlbGx5QW5kU2FuZGVyczIwMDgucGRm0hcLGBlXTlMuZGF0YU8RAe4AAAAAAe4AAgAADE1hY2ludG9zaCBIRAAAAAAAAAAAAAAAAAAAAM6Xc4NIKwAACTH9DRdLZWxseUFuZFNhbmRlcnMyMDA4LnBkZgAAAAAAAAAAAAAAAAAAAAAAAAAAAAAAAAAAAAAAAAAAAAAAAAAAAAAJMf0x028E0AAAAAAAAAAAAAMAAwAACSAAAAAAAAAAAAAAAAAAAAAXU2NpQ29tcEFuZFNvZnRFbmdQYXBlcnMAABAACAAAzperwwAAABEACAAA0289EAAAAAEAFAkx/Q0JMe7HABIVpwAI92YAAmSOAAIAWk1hY2ludG9zaCBIRDpVc2VyczoAc21pdGhzOgBSZXBvczoAc2U0c2M6AFNjaUNvbXBBbmRTb2Z0RW5nUGFwZXJzOgBLZWxseUFuZFNhbmRlcnMyMDA4LnBkZgAOADAAFwBLAGUAbABsAHkAQQBuAGQAUwBhAG4AZABlAHIAcwAyADAAMAA4AC4AcABkAGYADwAaAAwATQBhAGMAaQBuAHQAbwBzAGgAIABIAEQAEgBIVXNlcnMvc21pdGhzL1JlcG9zL3NlNHNjL1NjaUNvbXBBbmRTb2Z0RW5nUGFwZXJzL0tlbGx5QW5kU2FuZGVyczIwMDgucGRmABMAAS8AABUAAgAN//8AAIAG0hscHR5aJGNsYXNzbmFtZVgkY2xhc3Nlc11OU011dGFibGVEYXRhox0fIFZOU0RhdGFYTlNPYmplY3TSGxwiI1xOU0RpY3Rpb25hcnmiIiBfEA9OU0tleWVkQXJjaGl2ZXLRJidUcm9vdIABAAgAEQAaACMALQAyADcAQABGAE0AVQBgAGcAagBsAG4AcQBzAHUAdwCEAI4AzwDUANwCzgLQAtUC4ALpAvcC+wMCAwsDEAMdAyADMgM1AzoAAAAAAAACAQAAAAAAAAAoAAAAAAAAAAAAAAAAAAADPA==},
	Bdsk-File-2 = {YnBsaXN0MDDUAQIDBAUGJCVYJHZlcnNpb25YJG9iamVjdHNZJGFyY2hpdmVyVCR0b3ASAAGGoKgHCBMUFRYaIVUkbnVsbNMJCgsMDxJXTlMua2V5c1pOUy5vYmplY3RzViRjbGFzc6INDoACgAOiEBGABIAFgAdccmVsYXRpdmVQYXRoWWFsaWFzRGF0YV8QLy4uLy4uLy4uLy4uLy5UcmFzaC9LZWxseUFuZFNhbmRlcnMyMDA4IGNvcHkucGRm0hcLGBlXTlMuZGF0YU8RAawAAAAAAawAAgAADE1hY2ludG9zaCBIRAAAAAAAAAAAAAAAAAAAAM6Xc4NIKwAABRzTNxxLZWxseUFuZFNhbmRlcnMyMDA4IGNvcHkucGRmAAAAAAAAAAAAAAAAAAAAAAAAAAAAAAAAAAAAAAAAAAAAAAAFUMIv0W57IwAAAAAAAAAAAAQAAgAACSAAAAAAAAAAAAAAAAAAAAAGLlRyYXNoABAACAAAzperwwAAABEACAAA0W6zYwAAAAEADAUc0zcACPdmAAJkjgACAEBNYWNpbnRvc2ggSEQ6VXNlcnM6AHNtaXRoczoALlRyYXNoOgBLZWxseUFuZFNhbmRlcnMyMDA4IGNvcHkucGRmAA4AOgAcAEsAZQBsAGwAeQBBAG4AZABTAGEAbgBkAGUAcgBzADIAMAAwADgAIABjAG8AcAB5AC4AcABkAGYADwAaAAwATQBhAGMAaQBuAHQAbwBzAGgAIABIAEQAEgAwVXNlcnMvc21pdGhzLy5UcmFzaC9LZWxseUFuZFNhbmRlcnMyMDA4IGNvcHkucGRmABMAAS8AABUAAgAN//8AAIAG0hscHR5aJGNsYXNzbmFtZVgkY2xhc3Nlc11OU011dGFibGVEYXRhox0fIFZOU0RhdGFYTlNPYmplY3TSGxwiI1xOU0RpY3Rpb25hcnmiIiBfEA9OU0tleWVkQXJjaGl2ZXLRJidUcm9vdIABAAgAEQAaACMALQAyADcAQABGAE0AVQBgAGcAagBsAG4AcQBzAHUAdwCEAI4AwADFAM0CfQJ/AoQCjwKYAqYCqgKxAroCvwLMAs8C4QLkAukAAAAAAAACAQAAAAAAAAAoAAAAAAAAAAAAAAAAAAAC6w==}}

@book{Roache1998,
	Address = {Albuquerque, New Mexico},
	Author = {Patrick J. Roache},
	Date-Added = {2016-11-12 19:39:23 +0000},
	Date-Modified = {2016-11-12 19:39:23 +0000},
	Publisher = {Hermosa Publishers},
	Title = {Verification and Validation in Computational Science and Engineering},
	Year = {1998}}

@mastersthesis{Tang2008,
	Address = {Hamilton, ON},
	Author = {Jin Tang},
	Date-Added = {2016-10-04 14:10:29 +0000},
	Date-Modified = {2016-10-04 14:10:29 +0000},
	Local-Url = {file://localhost/Users/smiths/Work/Research/GradStudents/JinTang/Thesis_FinalVersionAsPrinted.pdf},
	School = {McMaster University},
	Title = {Developing Scientific Computing Software: Current Processes and Future Directions},
	Year = {2008},
	Bdsk-File-1 = {YnBsaXN0MDDUAQIDBAUGJCVYJHZlcnNpb25YJG9iamVjdHNZJGFyY2hpdmVyVCR0b3ASAAGGoKgHCBMUFRYaIVUkbnVsbNMJCgsMDxJXTlMua2V5c1pOUy5vYmplY3RzViRjbGFzc6INDoACgAOiEBGABIAFgAdccmVsYXRpdmVQYXRoWWFsaWFzRGF0YV8QTy4uLy4uLy4uLy4uL1dvcmsvUmVzZWFyY2gvR3JhZFN0dWRlbnRzL0ppblRhbmcvVGhlc2lzX0ZpbmFsVmVyc2lvbkFzUHJpbnRlZC5wZGbSFwsYGVdOUy5kYXRhTxECBAAAAAACBAACAAAMTWFjaW50b3NoIEhEAAAAAAAAAAAAAAAAAAAAzpdzg0grAAAAFwwYH1RoZXNpc19GaW5hbFZlcnNpb25BIzE3OEZERi5wZGYAAAAAAAAAAAAAAAAAAAAAAAAAAAAAAAAAAAAAAAAAAAAXj9/PIuHPAAAAAAAAAAAABAAFAAAJIAAAAAAAAAAAAAAAAAAAAAdKaW5UYW5nAAAQAAgAAM6Xq8MAAAARAAgAAM8jKB8AAAABABgAFwwYABcCBAAXAE0AFv3tAAj3ZgACZI4AAgBiTWFjaW50b3NoIEhEOlVzZXJzOgBzbWl0aHM6AFdvcms6AFJlc2VhcmNoOgBHcmFkU3R1ZGVudHM6AEppblRhbmc6AFRoZXNpc19GaW5hbFZlcnNpb25BIzE3OEZERi5wZGYADgBCACAAVABoAGUAcwBpAHMAXwBGAGkAbgBhAGwAVgBlAHIAcwBpAG8AbgBBAHMAUAByAGkAbgB0AGUAZAAuAHAAZABmAA8AGgAMAE0AYQBjAGkAbgB0AG8AcwBoACAASABEABIAUFVzZXJzL3NtaXRocy9Xb3JrL1Jlc2VhcmNoL0dyYWRTdHVkZW50cy9KaW5UYW5nL1RoZXNpc19GaW5hbFZlcnNpb25Bc1ByaW50ZWQucGRmABMAAS8AABUAAgAN//8AAIAG0hscHR5aJGNsYXNzbmFtZVgkY2xhc3Nlc11OU011dGFibGVEYXRhox0fIFZOU0RhdGFYTlNPYmplY3TSGxwiI1xOU0RpY3Rpb25hcnmiIiBfEA9OU0tleWVkQXJjaGl2ZXLRJidUcm9vdIABAAgAEQAaACMALQAyADcAQABGAE0AVQBgAGcAagBsAG4AcQBzAHUAdwCEAI4A4ADlAO0C9QL3AvwDBwMQAx4DIgMpAzIDNwNEA0cDWQNcA2EAAAAAAAACAQAAAAAAAAAoAAAAAAAAAAAAAAAAAAADYw==}}

@article{Parnas1972MIS,
	Author = {D. L. Parnas},
	Date-Added = {2016-10-04 12:53:53 +0000},
	Date-Modified = {2016-10-04 12:53:53 +0000},
	Journal = {CACM},
	Key = {Parnas},
	Number = {5},
	Pages = {330--336},
	Title = {A Technique for the Specification of Software Modules with Examples},
	Volume = {15},
	Year = {1972},
	Bdsk-File-1 = {YnBsaXN0MDDUAQIDBAUGJCVYJHZlcnNpb25YJG9iamVjdHNZJGFyY2hpdmVyVCR0b3ASAAGGoKgHCBMUFRYaIVUkbnVsbNMJCgsMDxJXTlMua2V5c1pOUy5vYmplY3RzViRjbGFzc6INDoACgAOiEBGABIAFgAdccmVsYXRpdmVQYXRoWWFsaWFzRGF0YV8QOC4uLy4uLy4uL3NlNHNjL1NjaUNvbXBBbmRTb2Z0RW5nUGFwZXJzL1Bhcm5hczE5NzJNSVMucGRm0hcLGBlXTlMuZGF0YU8RAdYAAAAAAdYAAgAADE1hY2ludG9zaCBIRAAAAAAAAAAAAAAAAAAAAM6Xc4NIKwAACTH9DRFQYXJuYXMxOTcyTUlTLnBkZgAAAAAAAAAAAAAAAAAAAAAAAAAAAAAAAAAAAAAAAAAAAAAAAAAAAAAAAAAAAAAJ6c+j1Bkd6wAAAAAAAAAAAAMAAwAACSAAAAAAAAAAAAAAAAAAAAAXU2NpQ29tcEFuZFNvZnRFbmdQYXBlcnMAABAACAAAzperwwAAABEACAAA1BlWKwAAAAEAFAkx/Q0JMe7HABIVpwAI92YAAmSOAAIAVE1hY2ludG9zaCBIRDpVc2VyczoAc21pdGhzOgBSZXBvczoAc2U0c2M6AFNjaUNvbXBBbmRTb2Z0RW5nUGFwZXJzOgBQYXJuYXMxOTcyTUlTLnBkZgAOACQAEQBQAGEAcgBuAGEAcwAxADkANwAyAE0ASQBTAC4AcABkAGYADwAaAAwATQBhAGMAaQBuAHQAbwBzAGgAIABIAEQAEgBCVXNlcnMvc21pdGhzL1JlcG9zL3NlNHNjL1NjaUNvbXBBbmRTb2Z0RW5nUGFwZXJzL1Bhcm5hczE5NzJNSVMucGRmABMAAS8AABUAAgAN//8AAIAG0hscHR5aJGNsYXNzbmFtZVgkY2xhc3Nlc11OU011dGFibGVEYXRhox0fIFZOU0RhdGFYTlNPYmplY3TSGxwiI1xOU0RpY3Rpb25hcnmiIiBfEA9OU0tleWVkQXJjaGl2ZXLRJidUcm9vdIABAAgAEQAaACMALQAyADcAQABGAE0AVQBgAGcAagBsAG4AcQBzAHUAdwCEAI4AyQDOANYCsAKyArcCwgLLAtkC3QLkAu0C8gL/AwIDFAMXAxwAAAAAAAACAQAAAAAAAAAoAAAAAAAAAAAAAAAAAAADHg==}}

@inproceedings{SzymczakEtAl2016,
	Address = {Austin, Texas, United States},
	Author = {Daniel Szymczak and W. Spencer Smith and Jacques Carette},
	Booktitle = {Proceedings of SE4Science'16 in conjunction with the International Conference on Software Engineering (ICSE)},
	Date-Added = {2016-08-15 00:57:13 +0000},
	Date-Modified = {2016-08-15 00:57:13 +0000},
	Month = {May},
	Note = {4 pp.},
	Organization = {In conjunction with ICSE 2016},
	Title = {Position Paper: A Knowledge-Based Approach to Scientific Software Development},
	Year = {2016},
	Bdsk-File-1 = {YnBsaXN0MDDUAQIDBAUGJCVYJHZlcnNpb25YJG9iamVjdHNZJGFyY2hpdmVyVCR0b3ASAAGGoKgHCBMUFRYaIVUkbnVsbNMJCgsMDxJXTlMua2V5c1pOUy5vYmplY3RzViRjbGFzc6INDoACgAOiEBGABIAFgAdccmVsYXRpdmVQYXRoWWFsaWFzRGF0YV8QUC4uLy4uL0Rhbi9JQ1NFIFdvcmtzaG9wIC0gU0U0U2NpZW5jZS9JQ1NFX0xpdGVyYXRlRnJhbWV3b3JrRm9yU0NTb2Z0d2FyZV9MU1MucGRm0hcLGBlXTlMuZGF0YU8RAkoAAAAAAkoAAgAADE1hY2ludG9zaCBIRAAAAAAAAAAAAAAAAAAAAM6Xc4NIKwAACKllNh9JQ1NFX0xpdGVyYXRlRnJhbWV3IzhBOTY1MzgucGRmAAAAAAAAAAAAAAAAAAAAAAAAAAAAAAAAAAAAAAAAAAAIqWU40yqlKQAAAAAAAAAAAAIAAwAACSAAAAAAAAAAAAAAAAAAAAAaSUNTRSBXb3Jrc2hvcCAtIFNFNFNjaWVuY2UAEAAIAADOl6vDAAAAEQAIAADTKt1pAAAAAQAYCKllNgipZTIIqWQEABIVpwAI92YAAmSOAAIAa01hY2ludG9zaCBIRDpVc2VyczoAc21pdGhzOgBSZXBvczoAbGl0TmV3OgBEYW46AElDU0UgV29ya3Nob3AgLSBTRTRTY2llbmNlOgBJQ1NFX0xpdGVyYXRlRnJhbWV3IzhBOTY1MzgucGRmAAAOAFgAKwBJAEMAUwBFAF8ATABpAHQAZQByAGEAdABlAEYAcgBhAG0AZQB3AG8AcgBrAEYAbwByAFMAQwBTAG8AZgB0AHcAYQByAGUAXwBMAFMAUwAuAHAAZABmAA8AGgAMAE0AYQBjAGkAbgB0AG8AcwBoACAASABEABIAZFVzZXJzL3NtaXRocy9SZXBvcy9saXROZXcvRGFuL0lDU0UgV29ya3Nob3AgLSBTRTRTY2llbmNlL0lDU0VfTGl0ZXJhdGVGcmFtZXdvcmtGb3JTQ1NvZnR3YXJlX0xTUy5wZGYAEwABLwAAFQACAA3//wAAgAbSGxwdHlokY2xhc3NuYW1lWCRjbGFzc2VzXU5TTXV0YWJsZURhdGGjHR8gVk5TRGF0YVhOU09iamVjdNIbHCIjXE5TRGljdGlvbmFyeaIiIF8QD05TS2V5ZWRBcmNoaXZlctEmJ1Ryb290gAEACAARABoAIwAtADIANwBAAEYATQBVAGAAZwBqAGwAbgBxAHMAdQB3AIQAjgDhAOYA7gM8Az4DQwNOA1cDZQNpA3ADeQN+A4sDjgOgA6MDqAAAAAAAAAIBAAAAAAAAACgAAAAAAAAAAAAAAAAAAAOq}}

@inproceedings{IonescuAndJansson2013,
	Author = {Cezar Ionescu and Patrik Jansson},
	Booktitle = {{Revised Selected Papers of the 24th International Symposium on Implementation and Application of Functional Languages}},
	Date-Added = {2016-08-14 01:46:50 +0000},
	Date-Modified = {2016-08-14 01:46:50 +0000},
	Doi = {10.1007/978-3-642-41582-1_9},
	Pages = {140--156},
	Publisher = {{Springer International Publishing}},
	Series = {{Lecture Notes in Computer Science}},
	Title = {{Dependently-Typed Programming in Scientific Computing --- Examples from Economic Modelling}},
	Volume = 8241,
	Year = 2012,
	Bdsk-File-1 = {YnBsaXN0MDDUAQIDBAUGJCVYJHZlcnNpb25YJG9iamVjdHNZJGFyY2hpdmVyVCR0b3ASAAGGoKgHCBMUFRYaIVUkbnVsbNMJCgsMDxJXTlMua2V5c1pOUy5vYmplY3RzViRjbGFzc6INDoACgAOiEBGABIAFgAdccmVsYXRpdmVQYXRoWWFsaWFzRGF0YV8QQC4uLy4uLy4uL3NlNHNjL1NjaUNvbXBBbmRTb2Z0RW5nUGFwZXJzL0lvbmVzY3VBbmRKYW5zc29uMjAxMy5wZGbSFwsYGVdOUy5kYXRhTxEB9gAAAAAB9gACAAAMTWFjaW50b3NoIEhEAAAAAAAAAAAAAAAAAAAAzpdzg0grAAAJMf0NGUlvbmVzY3VBbmRKYW5zc29uMjAxMy5wZGYAAAAAAAAAAAAAAAAAAAAAAAAAAAAAAAAAAAAAAAAAAAAAAAAAAAlJUPDThbieAAAAAAAAAAAAAwADAAAJIAAAAAAAAAAAAAAAAAAAABdTY2lDb21wQW5kU29mdEVuZ1BhcGVycwAAEAAIAADOl6vDAAAAEQAIAADThfDeAAAAAQAUCTH9DQkx7scAEhWnAAj3ZgACZI4AAgBcTWFjaW50b3NoIEhEOlVzZXJzOgBzbWl0aHM6AFJlcG9zOgBzZTRzYzoAU2NpQ29tcEFuZFNvZnRFbmdQYXBlcnM6AElvbmVzY3VBbmRKYW5zc29uMjAxMy5wZGYADgA0ABkASQBvAG4AZQBzAGMAdQBBAG4AZABKAGEAbgBzAHMAbwBuADIAMAAxADMALgBwAGQAZgAPABoADABNAGEAYwBpAG4AdABvAHMAaAAgAEgARAASAEpVc2Vycy9zbWl0aHMvUmVwb3Mvc2U0c2MvU2NpQ29tcEFuZFNvZnRFbmdQYXBlcnMvSW9uZXNjdUFuZEphbnNzb24yMDEzLnBkZgATAAEvAAAVAAIADf//AACABtIbHB0eWiRjbGFzc25hbWVYJGNsYXNzZXNdTlNNdXRhYmxlRGF0YaMdHyBWTlNEYXRhWE5TT2JqZWN00hscIiNcTlNEaWN0aW9uYXJ5oiIgXxAPTlNLZXllZEFyY2hpdmVy0SYnVHJvb3SAAQAIABEAGgAjAC0AMgA3AEAARgBNAFUAYABnAGoAbABuAHEAcwB1AHcAhACOANEA1gDeAtgC2gLfAuoC8wMBAwUDDAMVAxoDJwMqAzwDPwNEAAAAAAAAAgEAAAAAAAAAKAAAAAAAAAAAAAAAAAAAA0Y=},
	Bdsk-Url-1 = {http://dx.doi.org/10.1007/978-3-642-41582-1_9}}

@inproceedings{HannayEtAl2009,
	Acmid = {1556928},
	Address = {Washington, DC, USA},
	Author = {Hannay, Jo Erskine and MacLeod, Carolyn and Singer, Janice and Langtangen, Hans Petter and Pfahl, Dietmar and Wilson, Greg},
	Booktitle = {Proceedings of the 2009 ICSE Workshop on Software Engineering for Computational Science and Engineering},
	Date-Added = {2016-08-13 01:32:14 +0000},
	Date-Modified = {2016-08-13 01:32:14 +0000},
	Doi = {10.1109/SECSE.2009.5069155},
	Isbn = {978-1-4244-3737-5},
	Numpages = {8},
	Pages = {1--8},
	Publisher = {IEEE Computer Society},
	Series = {SECSE '09},
	Title = {How Do Scientists Develop and Use Scientific Software?},
	Url = {http://dx.doi.org/10.1109/SECSE.2009.5069155},
	Year = {2009},
	Bdsk-File-1 = {YnBsaXN0MDDUAQIDBAUGJCVYJHZlcnNpb25YJG9iamVjdHNZJGFyY2hpdmVyVCR0b3ASAAGGoKgHCBMUFRYaIVUkbnVsbNMJCgsMDxJXTlMua2V5c1pOUy5vYmplY3RzViRjbGFzc6INDoACgAOiEBGABIAFgAdccmVsYXRpdmVQYXRoWWFsaWFzRGF0YV8QOS4uLy4uLy4uL3NlNHNjL1NjaUNvbXBBbmRTb2Z0RW5nUGFwZXJzL0hhbm5heUV0QWwyMDA5LnBkZtIXCxgZV05TLmRhdGFPEQHcAAAAAAHcAAIAAAxNYWNpbnRvc2ggSEQAAAAAAAAAAAAAAAAAAADOl3ODSCsAAAkx/Q0SSGFubmF5RXRBbDIwMDkucGRmAAAAAAAAAAAAAAAAAAAAAAAAAAAAAAAAAAAAAAAAAAAAAAAAAAAAAAAAAAAACTH9JdNvBNAAAAAAAAAAAAADAAMAAAkgAAAAAAAAAAAAAAAAAAAAF1NjaUNvbXBBbmRTb2Z0RW5nUGFwZXJzAAAQAAgAAM6Xq8MAAAARAAgAANNvPRAAAAABABQJMf0NCTHuxwASFacACPdmAAJkjgACAFVNYWNpbnRvc2ggSEQ6VXNlcnM6AHNtaXRoczoAUmVwb3M6AHNlNHNjOgBTY2lDb21wQW5kU29mdEVuZ1BhcGVyczoASGFubmF5RXRBbDIwMDkucGRmAAAOACYAEgBIAGEAbgBuAGEAeQBFAHQAQQBsADIAMAAwADkALgBwAGQAZgAPABoADABNAGEAYwBpAG4AdABvAHMAaAAgAEgARAASAENVc2Vycy9zbWl0aHMvUmVwb3Mvc2U0c2MvU2NpQ29tcEFuZFNvZnRFbmdQYXBlcnMvSGFubmF5RXRBbDIwMDkucGRmAAATAAEvAAAVAAIADf//AACABtIbHB0eWiRjbGFzc25hbWVYJGNsYXNzZXNdTlNNdXRhYmxlRGF0YaMdHyBWTlNEYXRhWE5TT2JqZWN00hscIiNcTlNEaWN0aW9uYXJ5oiIgXxAPTlNLZXllZEFyY2hpdmVy0SYnVHJvb3SAAQAIABEAGgAjAC0AMgA3AEAARgBNAFUAYABnAGoAbABuAHEAcwB1AHcAhACOAMoAzwDXArcCuQK+AskC0gLgAuQC6wL0AvkDBgMJAxsDHgMjAAAAAAAAAgEAAAAAAAAAKAAAAAAAAAAAAAAAAAAAAyU=},
	Bdsk-Url-1 = {http://dx.doi.org/10.1109/SECSE.2009.5069155}}

@article{SmithAndKoothoor2016,
	Abstract = {This paper presents a documentation and development method to facilitate the certification of scientific computing software used in the safety analysis of nuclear facilities. To study the problems faced during quality assurance and certification activities, a case study was performed on legacy software used for thermal analysis of a fuelpin in a nuclear reactor. Although no errors were uncovered in the code, 27 issues of incompleteness and inconsistency were found with the documentation. This work proposes that software documentation follow a rational process, which includes a software requirements specification following a template that is reusable, maintainable, and understandable. To develop the design and implementation, this paper suggests literate programming as an alternative to traditional structured programming. Literate programming allows for documenting of numerical algorithms and code together in what is termed the literate programmer's manual. This manual is developed with explicit traceability to the software requirements specification. The traceability between the theory, numerical algorithms, and implementation facilitates achieving completeness and consistency, as well as simplifies the process of verification and the associated certification. },
	Author = {W. Spencer Smith and Nirmitha Koothoor},
	Date-Added = {2016-08-11 02:35:37 +0000},
	Date-Modified = {2016-08-11 02:35:37 +0000},
	Doi = {http://dx.doi.org/10.1016/j.net.2015.11.008},
	Issn = {1738-5733},
	Journal = {Nuclear Engineering and Technology},
	Keywords = {Software Quality},
	Month = {April},
	Number = {2},
	Pages = {404-418},
	Title = {A Document-Driven Method for Certifying Scientific Computing Software for Use in Nuclear Safety Analysis},
	Url = {http://www.sciencedirect.com/science/article/pii/S1738573315002582},
	Volume = {48},
	Year = {2016},
	Bdsk-File-1 = {YnBsaXN0MDDUAQIDBAUGJCVYJHZlcnNpb25YJG9iamVjdHNZJGFyY2hpdmVyVCR0b3ASAAGGoKgHCBMUFRYaIVUkbnVsbNMJCgsMDxJXTlMua2V5c1pOUy5vYmplY3RzViRjbGFzc6INDoACgAOiEBGABIAFgAdccmVsYXRpdmVQYXRoWWFsaWFzRGF0YV8QPy4uLy4uLy4uL3NlNHNjL1NjaUNvbXBBbmRTb2Z0RW5nUGFwZXJzL1NtaXRoQW5kS29vdGhvb3IyMDE2LnBkZtIXCxgZV05TLmRhdGFPEQH0AAAAAAH0AAIAAAxNYWNpbnRvc2ggSEQAAAAAAAAAAAAAAAAAAADOl3ODSCsAAAkx/Q0YU21pdGhBbmRLb290aG9vcjIwMTYucGRmAAAAAAAAAAAAAAAAAAAAAAAAAAAAAAAAAAAAAAAAAAAAAAAAAAAACTH9WtNvBNMAAAAAAAAAAAADAAMAAAkgAAAAAAAAAAAAAAAAAAAAF1NjaUNvbXBBbmRTb2Z0RW5nUGFwZXJzAAAQAAgAAM6Xq8MAAAARAAgAANNvPRMAAAABABQJMf0NCTHuxwASFacACPdmAAJkjgACAFtNYWNpbnRvc2ggSEQ6VXNlcnM6AHNtaXRoczoAUmVwb3M6AHNlNHNjOgBTY2lDb21wQW5kU29mdEVuZ1BhcGVyczoAU21pdGhBbmRLb290aG9vcjIwMTYucGRmAAAOADIAGABTAG0AaQB0AGgAQQBuAGQASwBvAG8AdABoAG8AbwByADIAMAAxADYALgBwAGQAZgAPABoADABNAGEAYwBpAG4AdABvAHMAaAAgAEgARAASAElVc2Vycy9zbWl0aHMvUmVwb3Mvc2U0c2MvU2NpQ29tcEFuZFNvZnRFbmdQYXBlcnMvU21pdGhBbmRLb290aG9vcjIwMTYucGRmAAATAAEvAAAVAAIADf//AACABtIbHB0eWiRjbGFzc25hbWVYJGNsYXNzZXNdTlNNdXRhYmxlRGF0YaMdHyBWTlNEYXRhWE5TT2JqZWN00hscIiNcTlNEaWN0aW9uYXJ5oiIgXxAPTlNLZXllZEFyY2hpdmVy0SYnVHJvb3SAAQAIABEAGgAjAC0AMgA3AEAARgBNAFUAYABnAGoAbABuAHEAcwB1AHcAhACOANAA1QDdAtUC1wLcAucC8AL+AwIDCQMSAxcDJAMnAzkDPANBAAAAAAAAAgEAAAAAAAAAKAAAAAAAAAAAAAAAAAAAA0M=},
	Bdsk-Url-1 = {http://www.sciencedirect.com/science/article/pii/S1738573315002582},
	Bdsk-Url-2 = {http://dx.doi.org/10.1016/j.net.2015.11.008}}

@article{AntoniolEtAl2002,
	Acmid = {631291},
	Address = {Piscataway, NJ, USA},
	Author = {Antoniol, Giuliano and Canfora, Gerardo and Casazza, Gerardo and De Lucia, Andrea and Merlo, Ettore},
	Date-Added = {2016-08-11 02:34:36 +0000},
	Date-Modified = {2016-08-11 02:34:36 +0000},
	Doi = {10.1109/TSE.2002.1041053},
	Issn = {0098-5589},
	Issue_Date = {October 2002},
	Journal = {IEEE Trans. Softw. Eng.},
	Keywords = {Redocumentation, traceability, program comprehension, object orientation, information retrieval.},
	Month = oct,
	Number = {10},
	Numpages = {14},
	Pages = {970--983},
	Publisher = {IEEE Press},
	Title = {Recovering Traceability Links Between Code and Documentation},
	Url = {http://dx.doi.org/10.1109/TSE.2002.1041053},
	Volume = {28},
	Year = {2002},
	Bdsk-File-1 = {YnBsaXN0MDDUAQIDBAUGJCVYJHZlcnNpb25YJG9iamVjdHNZJGFyY2hpdmVyVCR0b3ASAAGGoKgHCBMUFRYaIVUkbnVsbNMJCgsMDxJXTlMua2V5c1pOUy5vYmplY3RzViRjbGFzc6INDoACgAOiEBGABIAFgAdccmVsYXRpdmVQYXRoWWFsaWFzRGF0YV8QOS4uLy4uLy4uLy4uL1dvcmsvUmVzZWFyY2gvUmVmZXJlbmNlcy9BbnRvbmlvbEV0QWwyMDAyLnBkZtIXCxgZV05TLmRhdGFPEQG+AAAAAAG+AAIAAAxNYWNpbnRvc2ggSEQAAAAAAAAAAAAAAAAAAADOl3ODSCsAAAAXAgwUQW50b25pb2xFdEFsMjAwMi5wZGYAAAAAAAAAAAAAAAAAAAAAAAAAAAAAAAAAAAAAAAAAAAAAAAAAAAAAAAAABVHXhtFvkLUAAAAAAAAAAAAEAAQAAAkgAAAAAAAAAAAAAAAAAAAAClJlZmVyZW5jZXMAEAAIAADOl6vDAAAAEQAIAADRb8j1AAAAAQAUABcCDAAXAE0AFv3tAAj3ZgACZI4AAgBMTWFjaW50b3NoIEhEOlVzZXJzOgBzbWl0aHM6AFdvcms6AFJlc2VhcmNoOgBSZWZlcmVuY2VzOgBBbnRvbmlvbEV0QWwyMDAyLnBkZgAOACoAFABBAG4AdABvAG4AaQBvAGwARQB0AEEAbAAyADAAMAAyAC4AcABkAGYADwAaAAwATQBhAGMAaQBuAHQAbwBzAGgAIABIAEQAEgA6VXNlcnMvc21pdGhzL1dvcmsvUmVzZWFyY2gvUmVmZXJlbmNlcy9BbnRvbmlvbEV0QWwyMDAyLnBkZgATAAEvAAAVAAIADf//AACABtIbHB0eWiRjbGFzc25hbWVYJGNsYXNzZXNdTlNNdXRhYmxlRGF0YaMdHyBWTlNEYXRhWE5TT2JqZWN00hscIiNcTlNEaWN0aW9uYXJ5oiIgXxAPTlNLZXllZEFyY2hpdmVy0SYnVHJvb3SAAQAIABEAGgAjAC0AMgA3AEAARgBNAFUAYABnAGoAbABuAHEAcwB1AHcAhACOAMoAzwDXApkCmwKgAqsCtALCAsYCzQLWAtsC6ALrAv0DAAMFAAAAAAAAAgEAAAAAAAAAKAAAAAAAAAAAAAAAAAAAAwc=},
	Bdsk-Url-1 = {http://dx.doi.org/10.1109/TSE.2002.1041053}}

@article{IEEE1998,
	Author = {IEEE},
	Date-Added = {2016-08-11 02:33:35 +0000},
	Date-Modified = {2016-08-11 02:33:35 +0000},
	Doi = {10.1109/IEEESTD.1998.88286},
	Journal = {IEEE Std 830-1998},
	Keywords = {formal specification;IEEE Std 830-1998;IEEE recommended practice;IEEE/EIA Std 12207.1-1997;commercial software product selection;contracts;customers;guidelines;in-house software product selection;prototyping;software development;software requirements specification;standards compliance;suppliers;system requirements specifications;Software requirements and specifications;contract;customer;prototyping;software requirements specification;supplier;system requirements specifications},
	Month = {Oct},
	Pages = {1-40},
	Title = {Recommended Practice for Software Requirements Specifications},
	Year = {1998},
	Bdsk-File-1 = {YnBsaXN0MDDUAQIDBAUGJCVYJHZlcnNpb25YJG9iamVjdHNZJGFyY2hpdmVyVCR0b3ASAAGGoKgHCBMUFRYaIVUkbnVsbNMJCgsMDxJXTlMua2V5c1pOUy5vYmplY3RzViRjbGFzc6INDoACgAOiEBGABIAFgAdccmVsYXRpdmVQYXRoWWFsaWFzRGF0YV8QuC4uLy4uLy4uLy4uL0xpYnJhcnkvTWFpbC9WMi9JTUFQLXNtaXRoc0B1bml2bWFpbC5jaXMubWNtYXN0ZXIuY2EvU2VudCBNZXNzYWdlcyAoVW5pdmVyc2l0eSBNYWlsKS5tYm94L0M4QzlFMzMyLUZGQkYtNDYyQS1CRUFBLUZEQTEzODZEMDQxOS9EYXRhLzcvQXR0YWNobWVudHMvNzA2Mi84L0lFRUVTdGQ4MzAtMTk5OC5wZGbSFwsYGVdOUy5kYXRhTxECzAAAAAACzAACAAAMTWFjaW50b3NoIEhEAAAAAAAAAAAAAAAAAAAAzpdzg0grAAAAJeT0E0lFRUVTdGQ4MzAtMTk5OC5wZGYAAAAAAAAAAAAAAAAAAAAAAAAAAAAAAAAAAAAAAAAAAAAAAAAAAAAAAAAAAAAl5PbPJ383UERGIENBUk8ABAAMAAAJIAAAAAAAAAAAAAAAAAAAAAE4AAAQAAgAAM6Xq8MAAAARAAgAAM8nxYcAAAABADQAJeT0ACXk3wAlO9gAJTtBACUrBQAlKwQAJRfHACUWVwAJD8oACP1cAAj32AAI92YAAmSOAAIAxE1hY2ludG9zaCBIRDpVc2VyczoAc21pdGhzOgBMaWJyYXJ5OgBNYWlsOgBWMjoASU1BUC1zbWl0aHNAdW5pdm1haWwuIzI1MTY1Ny5jYToAU2VudCBNZXNzYWdlcyAoVW5pdiMyNTE3QzcubWJveDoAQzhDOUUzMzItRkZCRi00NjJBLUJFQUEtIzI1MkIwNDoARGF0YToANzoAQXR0YWNobWVudHM6ADcwNjI6ADg6AElFRUVTdGQ4MzAtMTk5OC5wZGYADgAoABMASQBFAEUARQBTAHQAZAA4ADMAMAAtADEAOQA5ADgALgBwAGQAZgAPABoADABNAGEAYwBpAG4AdABvAHMAaAAgAEgARAASALlVc2Vycy9zbWl0aHMvTGlicmFyeS9NYWlsL1YyL0lNQVAtc21pdGhzQHVuaXZtYWlsLmNpcy5tY21hc3Rlci5jYS9TZW50IE1lc3NhZ2VzIChVbml2ZXJzaXR5IE1haWwpLm1ib3gvQzhDOUUzMzItRkZCRi00NjJBLUJFQUEtRkRBMTM4NkQwNDE5L0RhdGEvNy9BdHRhY2htZW50cy83MDYyLzgvSUVFRVN0ZDgzMC0xOTk4LnBkZgAAEwABLwAAFQACAA3//wAAgAbSGxwdHlokY2xhc3NuYW1lWCRjbGFzc2VzXU5TTXV0YWJsZURhdGGjHR8gVk5TRGF0YVhOU09iamVjdNIbHCIjXE5TRGljdGlvbmFyeaIiIF8QD05TS2V5ZWRBcmNoaXZlctEmJ1Ryb290gAEACAARABoAIwAtADIANwBAAEYATQBVAGAAZwBqAGwAbgBxAHMAdQB3AIQAjgFJAU4BVgQmBCgELQQ4BEEETwRTBFoEYwRoBHUEeASKBI0EkgAAAAAAAAIBAAAAAAAAACgAAAAAAAAAAAAAAAAAAASU},
	Bdsk-Url-1 = {http://dx.doi.org/10.1109/IEEESTD.1998.88286}}

@techreport{CSA1999,
	Address = {178 Rexdale Blvd.\ Etobicoke, Ontario, Canada M9W 1R3},
	Author = {CSA},
	Date-Added = {2016-08-11 02:32:55 +0000},
	Date-Modified = {2016-08-11 02:32:55 +0000},
	Institution = {Canadian Standards Association},
	Number = {N286.7-99},
	Title = {Quality assurance of analytical, scientific, and design computer programs for nuclear power plants},
	Year = {1999},
	Bdsk-File-1 = {YnBsaXN0MDDUAQIDBAUGJCVYJHZlcnNpb25YJG9iamVjdHNZJGFyY2hpdmVyVCR0b3ASAAGGoKgHCBMUFRYaIVUkbnVsbNMJCgsMDxJXTlMua2V5c1pOUy5vYmplY3RzViRjbGFzc6INDoACgAOiEBGABIAFgAdccmVsYXRpdmVQYXRoWWFsaWFzRGF0YV8QKS4uLy4uLy4uL21jc2NlcnQvU3RhbmRhcmRzL0NTQSBOMjg2IDcucGRm0hcLGBlXTlMuZGF0YU8RAaYAAAAAAaYAAgAADE1hY2ludG9zaCBIRAAAAAAAAAAAAAAAAAAAAM6Xc4NIKwAAAlOqaQ5DU0EgTjI4NiA3LnBkZgAAAAAAAAAAAAAAAAAAAAAAAAAAAAAAAAAAAAAAAAAAAAAAAAAAAAAAAAAAAAAAAAACU6tqz/KxdAAAAAAAAAAAAAMAAwAACSAAAAAAAAAAAAAAAAAAAAAJU3RhbmRhcmRzAAAQAAgAAM6Xq8MAAAARAAgAAM/y6bQAAAABABQCU6ppAlObYwASFacACPdmAAJkjgACAEVNYWNpbnRvc2ggSEQ6VXNlcnM6AHNtaXRoczoAUmVwb3M6AG1jc2NlcnQ6AFN0YW5kYXJkczoAQ1NBIE4yODYgNy5wZGYAAA4AHgAOAEMAUwBBACAATgAyADgANgAgADcALgBwAGQAZgAPABoADABNAGEAYwBpAG4AdABvAHMAaAAgAEgARAASADNVc2Vycy9zbWl0aHMvUmVwb3MvbWNzY2VydC9TdGFuZGFyZHMvQ1NBIE4yODYgNy5wZGYAABMAAS8AABUAAgAN//8AAIAG0hscHR5aJGNsYXNzbmFtZVgkY2xhc3Nlc11OU011dGFibGVEYXRhox0fIFZOU0RhdGFYTlNPYmplY3TSGxwiI1xOU0RpY3Rpb25hcnmiIiBfEA9OU0tleWVkQXJjaGl2ZXLRJidUcm9vdIABAAgAEQAaACMALQAyADcAQABGAE0AVQBgAGcAagBsAG4AcQBzAHUAdwCEAI4AugC/AMcCcQJzAngCgwKMApoCngKlAq4CswLAAsMC1QLYAt0AAAAAAAACAQAAAAAAAAAoAAAAAAAAAAAAAAAAAAAC3w==}}

@inproceedings{Wilson2013,
	Acmid = {2508189},
	Address = {New York, NY, USA},
	Author = {Wilson, Gregory V.},
	Booktitle = {Proceedings of the 2013 Companion Publication for Conference on Systems, Programming, \&\#38; Applications: Software for Humanity},
	Date-Added = {2016-08-10 23:55:41 +0000},
	Date-Modified = {2016-08-10 23:55:41 +0000},
	Doi = {10.1145/2508075.2508189},
	Isbn = {978-1-4503-1995-9},
	Keywords = {academic-industrial collaboration},
	Location = {Indianapolis, Indiana, USA},
	Numpages = {2},
	Pages = {3--4},
	Publisher = {ACM},
	Series = {SPLASH '13},
	Title = {Two Solitudes},
	Url = {http://doi.acm.org/10.1145/2508075.2508189},
	Year = {2013},
	Bdsk-File-1 = {YnBsaXN0MDDUAQIDBAUGJCVYJHZlcnNpb25YJG9iamVjdHNZJGFyY2hpdmVyVCR0b3ASAAGGoKgHCBMUFRYaIVUkbnVsbNMJCgsMDxJXTlMua2V5c1pOUy5vYmplY3RzViRjbGFzc6INDoACgAOiEBGABIAFgAdccmVsYXRpdmVQYXRoWWFsaWFzRGF0YV8QNS4uLy4uLy4uL3NlNHNjL1NjaUNvbXBBbmRTb2Z0RW5nUGFwZXJzL1dpbHNvbjIwMTMucGRm0hcLGBlXTlMuZGF0YU8RAcwAAAAAAcwAAgAADE1hY2ludG9zaCBIRAAAAAAAAAAAAAAAAAAAAM6Xc4NIKwAACTH9DQ5XaWxzb24yMDEzLnBkZgAAAAAAAAAAAAAAAAAAAAAAAAAAAAAAAAAAAAAAAAAAAAAAAAAAAAAAAAAAAAAAAAAJjGMQ09E1rgAAAAAAAAAAAAMAAwAACSAAAAAAAAAAAAAAAAAAAAAXU2NpQ29tcEFuZFNvZnRFbmdQYXBlcnMAABAACAAAzperwwAAABEACAAA09Ft7gAAAAEAFAkx/Q0JMe7HABIVpwAI92YAAmSOAAIAUU1hY2ludG9zaCBIRDpVc2VyczoAc21pdGhzOgBSZXBvczoAc2U0c2M6AFNjaUNvbXBBbmRTb2Z0RW5nUGFwZXJzOgBXaWxzb24yMDEzLnBkZgAADgAeAA4AVwBpAGwAcwBvAG4AMgAwADEAMwAuAHAAZABmAA8AGgAMAE0AYQBjAGkAbgB0AG8AcwBoACAASABEABIAP1VzZXJzL3NtaXRocy9SZXBvcy9zZTRzYy9TY2lDb21wQW5kU29mdEVuZ1BhcGVycy9XaWxzb24yMDEzLnBkZgAAEwABLwAAFQACAA3//wAAgAbSGxwdHlokY2xhc3NuYW1lWCRjbGFzc2VzXU5TTXV0YWJsZURhdGGjHR8gVk5TRGF0YVhOU09iamVjdNIbHCIjXE5TRGljdGlvbmFyeaIiIF8QD05TS2V5ZWRBcmNoaXZlctEmJ1Ryb290gAEACAARABoAIwAtADIANwBAAEYATQBVAGAAZwBqAGwAbgBxAHMAdQB3AIQAjgDGAMsA0wKjAqUCqgK1Ar4CzALQAtcC4ALlAvIC9QMHAwoDDwAAAAAAAAIBAAAAAAAAACgAAAAAAAAAAAAAAAAAAAMR},
	Bdsk-Url-1 = {http://doi.acm.org/10.1145/2508075.2508189},
	Bdsk-Url-2 = {http://dx.doi.org/10.1145/2508075.2508189},
	Bdsk-Url-3 = {http://www.slideshare.net/gvwilson/splash-2013}}

@inproceedings{ParnasEtAl1984,
	Author = {D.L. Parnas and P.C. Clement and D. M. Weiss},
	Booktitle = {International Conference on Software Engineering},
	Date-Added = {2016-08-10 23:41:33 +0000},
	Date-Modified = {2016-08-10 23:41:33 +0000},
	Pages = {408-419},
	Title = {The modular structure of complex systems},
	Year = {1984},
	Bdsk-File-1 = {YnBsaXN0MDDUAQIDBAUGJCVYJHZlcnNpb25YJG9iamVjdHNZJGFyY2hpdmVyVCR0b3ASAAGGoKgHCBMUFRYaIVUkbnVsbNMJCgsMDxJXTlMua2V5c1pOUy5vYmplY3RzViRjbGFzc6INDoACgAOiEBGABIAFgAdccmVsYXRpdmVQYXRoWWFsaWFzRGF0YV8QOS4uLy4uLy4uL3NlNHNjL1NjaUNvbXBBbmRTb2Z0RW5nUGFwZXJzL1Bhcm5hc0V0QWwxOTg0LnBkZtIXCxgZV05TLmRhdGFPEQHcAAAAAAHcAAIAAAxNYWNpbnRvc2ggSEQAAAAAAAAAAAAAAAAAAADOl3ODSCsAAAkx/Q0SUGFybmFzRXRBbDE5ODQucGRmAAAAAAAAAAAAAAAAAAAAAAAAAAAAAAAAAAAAAAAAAAAAAAAAAAAAAAAAAAAACTH9RNNvBNMAAAAAAAAAAAADAAMAAAkgAAAAAAAAAAAAAAAAAAAAF1NjaUNvbXBBbmRTb2Z0RW5nUGFwZXJzAAAQAAgAAM6Xq8MAAAARAAgAANNvPRMAAAABABQJMf0NCTHuxwASFacACPdmAAJkjgACAFVNYWNpbnRvc2ggSEQ6VXNlcnM6AHNtaXRoczoAUmVwb3M6AHNlNHNjOgBTY2lDb21wQW5kU29mdEVuZ1BhcGVyczoAUGFybmFzRXRBbDE5ODQucGRmAAAOACYAEgBQAGEAcgBuAGEAcwBFAHQAQQBsADEAOQA4ADQALgBwAGQAZgAPABoADABNAGEAYwBpAG4AdABvAHMAaAAgAEgARAASAENVc2Vycy9zbWl0aHMvUmVwb3Mvc2U0c2MvU2NpQ29tcEFuZFNvZnRFbmdQYXBlcnMvUGFybmFzRXRBbDE5ODQucGRmAAATAAEvAAAVAAIADf//AACABtIbHB0eWiRjbGFzc25hbWVYJGNsYXNzZXNdTlNNdXRhYmxlRGF0YaMdHyBWTlNEYXRhWE5TT2JqZWN00hscIiNcTlNEaWN0aW9uYXJ5oiIgXxAPTlNLZXllZEFyY2hpdmVy0SYnVHJvb3SAAQAIABEAGgAjAC0AMgA3AEAARgBNAFUAYABnAGoAbABuAHEAcwB1AHcAhACOAMoAzwDXArcCuQK+AskC0gLgAuQC6wL0AvkDBgMJAxsDHgMjAAAAAAAAAgEAAAAAAAAAKAAAAAAAAAAAAAAAAAAAAyU=}}

@book{HoffmanAndStrooper1995,
	Address = {New York, NY, USA},
	Author = {Daniel M. Hoffman and Paul A. Strooper},
	Date-Added = {2016-08-10 23:40:34 +0000},
	Date-Modified = {2016-08-10 23:40:34 +0000},
	Local-Url = {file://localhost/Users/smiths/LongTermArchives/Work/Research/References/SoftwareEngineering/software-design-automated-testing.pdf},
	Publisher = {International Thomson Computer Press},
	Title = {Software Design, Automated Testing, and Maintenance: A Practical Approach},
	Url = {http:// citeseer.ist.psu.edu/428727.html},
	Year = {1995},
	Bdsk-File-1 = {YnBsaXN0MDDUAQIDBAUGJCVYJHZlcnNpb25YJG9iamVjdHNZJGFyY2hpdmVyVCR0b3ASAAGGoKgHCBMUFRYaIVUkbnVsbNMJCgsMDxJXTlMua2V5c1pOUy5vYmplY3RzViRjbGFzc6INDoACgAOiEBGABIAFgAdccmVsYXRpdmVQYXRoWWFsaWFzRGF0YV8QPy4uLy4uLy4uLy4uL1dvcmsvUmVzZWFyY2gvUmVmZXJlbmNlcy9Ib2ZmbWFuQW5kU3Ryb29wZXIxOTk1LnBkZtIXCxgZV05TLmRhdGFPEQHWAAAAAAHWAAIAAAxNYWNpbnRvc2ggSEQAAAAAAAAAAAAAAAAAAADOl3ODSCsAAAAXAgwaSG9mZm1hbkFuZFN0cm9vcGVyMTk5NS5wZGYAAAAAAAAAAAAAAAAAAAAAAAAAAAAAAAAAAAAAAAAAAAAAAAAABRSfp88nhHZQREYgQ0FSTwAEAAQAAAkgAAAAAAAAAAAAAAAAAAAAClJlZmVyZW5jZXMAEAAIAADOl6vDAAAAEQAIAADPJ8rGAAAAAQAUABcCDAAXAE0AFv3tAAj3ZgACZI4AAgBSTWFjaW50b3NoIEhEOlVzZXJzOgBzbWl0aHM6AFdvcms6AFJlc2VhcmNoOgBSZWZlcmVuY2VzOgBIb2ZmbWFuQW5kU3Ryb29wZXIxOTk1LnBkZgAOADYAGgBIAG8AZgBmAG0AYQBuAEEAbgBkAFMAdAByAG8AbwBwAGUAcgAxADkAOQA1AC4AcABkAGYADwAaAAwATQBhAGMAaQBuAHQAbwBzAGgAIABIAEQAEgBAVXNlcnMvc21pdGhzL1dvcmsvUmVzZWFyY2gvUmVmZXJlbmNlcy9Ib2ZmbWFuQW5kU3Ryb29wZXIxOTk1LnBkZgATAAEvAAAVAAIADf//AACABtIbHB0eWiRjbGFzc25hbWVYJGNsYXNzZXNdTlNNdXRhYmxlRGF0YaMdHyBWTlNEYXRhWE5TT2JqZWN00hscIiNcTlNEaWN0aW9uYXJ5oiIgXxAPTlNLZXllZEFyY2hpdmVy0SYnVHJvb3SAAQAIABEAGgAjAC0AMgA3AEAARgBNAFUAYABnAGoAbABuAHEAcwB1AHcAhACOANAA1QDdArcCuQK+AskC0gLgAuQC6wL0AvkDBgMJAxsDHgMjAAAAAAAAAgEAAAAAAAAAKAAAAAAAAAAAAAAAAAAAAyU=},
	Bdsk-Url-1 = {http://%20citeseer.ist.psu.edu/428727.html}}

@mastersthesis{Jegatheesan2016,
	Address = {Hamilton, Ontario, Canada},
	Author = {Thulasi Jegatheesan},
	Date-Added = {2016-08-09 02:37:07 +0000},
	Date-Modified = {2016-08-09 02:37:07 +0000},
	Month = {July},
	School = {McMaster University},
	Title = {Case Studies in Document Driven Design of Scientific Computing Software},
	Year = {2016},
	Bdsk-File-1 = {YnBsaXN0MDDUAQIDBAUGJCVYJHZlcnNpb25YJG9iamVjdHNZJGFyY2hpdmVyVCR0b3ASAAGGoKgHCBMUFRYaIVUkbnVsbNMJCgsMDxJXTlMua2V5c1pOUy5vYmplY3RzViRjbGFzc6INDoACgAOiEBGABIAFgAdccmVsYXRpdmVQYXRoWWFsaWFzRGF0YV8QJC4uLy4uLy4uL3BjbS9UaGVzaXMvTGF0ZXgvdGhlc2lzLnBkZtIXCxgZV05TLmRhdGFPEQGUAAAAAAGUAAIAAAxNYWNpbnRvc2ggSEQAAAAAAAAAAAAAAAAAAADOl3ODSCsAAAhcDzkKdGhlc2lzLnBkZgAAAAAAAAAAAAAAAAAAAAAAAAAAAAAAAAAAAAAAAAAAAAAAAAAAAAAAAAAAAAAAAAAAAAAACX5whdO9tfMAAAAAAAAAAAADAAQAAAkgAAAAAAAAAAAAAAAAAAAABUxhdGV4AAAQAAgAAM6Xq8MAAAARAAgAANO97jMAAAABABgIXA85CFwPNQhcC8UAEhWnAAj3ZgACZI4AAgBBTWFjaW50b3NoIEhEOlVzZXJzOgBzbWl0aHM6AFJlcG9zOgBwY206AFRoZXNpczoATGF0ZXg6AHRoZXNpcy5wZGYAAA4AFgAKAHQAaABlAHMAaQBzAC4AcABkAGYADwAaAAwATQBhAGMAaQBuAHQAbwBzAGgAIABIAEQAEgAuVXNlcnMvc21pdGhzL1JlcG9zL3BjbS9UaGVzaXMvTGF0ZXgvdGhlc2lzLnBkZgATAAEvAAAVAAIADf//AACABtIbHB0eWiRjbGFzc25hbWVYJGNsYXNzZXNdTlNNdXRhYmxlRGF0YaMdHyBWTlNEYXRhWE5TT2JqZWN00hscIiNcTlNEaWN0aW9uYXJ5oiIgXxAPTlNLZXllZEFyY2hpdmVy0SYnVHJvb3SAAQAIABEAGgAjAC0AMgA3AEAARgBNAFUAYABnAGoAbABuAHEAcwB1AHcAhACOALUAugDCAloCXAJhAmwCdQKDAocCjgKXApwCqQKsAr4CwQLGAAAAAAAAAgEAAAAAAAAAKAAAAAAAAAAAAAAAAAAAAsg=}}

@book{Parnas2001,
	Author = {D. L. Parnas},
	Date-Added = {2016-08-08 21:49:35 +0000},
	Date-Modified = {2016-08-08 21:49:35 +0000},
	Editor = {Daniel H.~Hoffman and David M.\ Weiss},
	Publisher = {Addison-Wesley},
	Title = {Software Fundamentals: Collected Papers by David L.~ Parnas},
	Year = {2001}}

@incollection{Smith2016,
	Author = {W. Spencer Smith},
	Booktitle = {Software Engineering for Science},
	Chapter = {Section {I} -- Examples of the Application of Traditional Software Engineering Practices to Science},
	Date-Added = {2016-08-08 21:37:51 +0000},
	Date-Modified = {2016-08-08 21:37:51 +0000},
	Editor = {Jeffrey C. Carver and Neil Chue Hong and George Thiruvathukal},
	Pages = {33--63},
	Publisher = {Taylor \& Francis},
	Title = {A Rational Document Driven Design Process for Scientific Computing Software},
	Year = {In Press 2016},
	Bdsk-File-1 = {YnBsaXN0MDDUAQIDBAUGJCVYJHZlcnNpb25YJG9iamVjdHNZJGFyY2hpdmVyVCR0b3ASAAGGoKgHCBMUFRYaIVUkbnVsbNMJCgsMDxJXTlMua2V5c1pOUy5vYmplY3RzViRjbGFzc6INDoACgAOiEBGABIAFgAdccmVsYXRpdmVQYXRoWWFsaWFzRGF0YV8QRi4uLy4uLy4uL3NlNHNjL1dyaXRpbmcvU29mdEVuZ0ZvclNjaWVuY2VCb29rL1NvZnRFbmdGb3JTY2llbmNlQm9vay5wZGbSFwsYGVdOUy5kYXRhTxECBgAAAAACBgACAAAMTWFjaW50b3NoIEhEAAAAAAAAAAAAAAAAAAAAzpdzg0grAAAJMf1sGVNvZnRFbmdGb3JTY2llbmNlQm9vay5wZGYAAAAAAAAAAAAAAAAAAAAAAAAAAAAAAAAAAAAAAAAAAAAAAAAAAAkx/XnTbwTTAAAAAAAAAAAAAwAEAAAJIAAAAAAAAAAAAAAAAAAAABVTb2Z0RW5nRm9yU2NpZW5jZUJvb2sAABAACAAAzperwwAAABEACAAA0289EwAAAAEAGAkx/WwJMf1pCTHuxwASFacACPdmAAJkjgACAGNNYWNpbnRvc2ggSEQ6VXNlcnM6AHNtaXRoczoAUmVwb3M6AHNlNHNjOgBXcml0aW5nOgBTb2Z0RW5nRm9yU2NpZW5jZUJvb2s6AFNvZnRFbmdGb3JTY2llbmNlQm9vay5wZGYAAA4ANAAZAFMAbwBmAHQARQBuAGcARgBvAHIAUwBjAGkAZQBuAGMAZQBCAG8AbwBrAC4AcABkAGYADwAaAAwATQBhAGMAaQBuAHQAbwBzAGgAIABIAEQAEgBQVXNlcnMvc21pdGhzL1JlcG9zL3NlNHNjL1dyaXRpbmcvU29mdEVuZ0ZvclNjaWVuY2VCb29rL1NvZnRFbmdGb3JTY2llbmNlQm9vay5wZGYAEwABLwAAFQACAA3//wAAgAbSGxwdHlokY2xhc3NuYW1lWCRjbGFzc2VzXU5TTXV0YWJsZURhdGGjHR8gVk5TRGF0YVhOU09iamVjdNIbHCIjXE5TRGljdGlvbmFyeaIiIF8QD05TS2V5ZWRBcmNoaXZlctEmJ1Ryb290gAEACAARABoAIwAtADIANwBAAEYATQBVAGAAZwBqAGwAbgBxAHMAdQB3AIQAjgDXANwA5ALuAvAC9QMAAwkDFwMbAyIDKwMwAz0DQANSA1UDWgAAAAAAAAIBAAAAAAAAACgAAAAAAAAAAAAAAAAAAANc},
	Bdsk-File-2 = {YnBsaXN0MDDUAQIDBAUGJCVYJHZlcnNpb25YJG9iamVjdHNZJGFyY2hpdmVyVCR0b3ASAAGGoKgHCBMUFRYaIVUkbnVsbNMJCgsMDxJXTlMua2V5c1pOUy5vYmplY3RzViRjbGFzc6INDoACgAOiEBGABIAFgAdccmVsYXRpdmVQYXRoWWFsaWFzRGF0YV8QIS4uLy4uLy4uLy4uL0Rvd25sb2Fkcy9zY2llbmNlLmJpYtIXCxgZV05TLmRhdGFPEQFyAAAAAAFyAAIAAAxNYWNpbnRvc2ggSEQAAAAAAAAAAAAAAAAAAADOl3ODSCsAAAAI92kLc2NpZW5jZS5iaWIAAAAAAAAAAAAAAAAAAAAAAAAAAAAAAAAAAAAAAAAAAAAAAAAAAAAAAAAAAAAAAAAAAAAACM7OOtM6l9YAAAAAAAAAAAAEAAIAAAkgAAAAAAAAAAAAAAAAAAAACURvd25sb2FkcwAAEAAIAADOl6vDAAAAEQAIAADTOtAWAAAAAQAMAAj3aQAI92YAAmSOAAIAMk1hY2ludG9zaCBIRDpVc2VyczoAc21pdGhzOgBEb3dubG9hZHM6AHNjaWVuY2UuYmliAA4AGAALAHMAYwBpAGUAbgBjAGUALgBiAGkAYgAPABoADABNAGEAYwBpAG4AdABvAHMAaAAgAEgARAASACJVc2Vycy9zbWl0aHMvRG93bmxvYWRzL3NjaWVuY2UuYmliABMAAS8AABUAAgAN//8AAIAG0hscHR5aJGNsYXNzbmFtZVgkY2xhc3Nlc11OU011dGFibGVEYXRhox0fIFZOU0RhdGFYTlNPYmplY3TSGxwiI1xOU0RpY3Rpb25hcnmiIiBfEA9OU0tleWVkQXJjaGl2ZXLRJidUcm9vdIABAAgAEQAaACMALQAyADcAQABGAE0AVQBgAGcAagBsAG4AcQBzAHUAdwCEAI4AsgC3AL8CNQI3AjwCRwJQAl4CYgJpAnICdwKEAocCmQKcAqEAAAAAAAACAQAAAAAAAAAoAAAAAAAAAAAAAAAAAAACow==}}

@article{SmithAndYu2009,
	Author = {W. Spencer Smith and Wen Yu},
	Date-Added = {2016-08-08 21:37:41 +0000},
	Date-Modified = {2016-08-08 21:37:41 +0000},
	Doi = {http://dx.doi.org/10.1016/j.advengsoft.2009.05.003},
	Journal = {Advances in Engineering Software},
	Local-Url = {/Users/smiths/Work/Research/Papers/SmithAndYu2008_AdvEngSoft/SmithAndYu2008_ResubmissionToAdvEngSoft.pdf},
	Month = {November},
	Number = {11},
	Pages = {1155--1167},
	Title = {A Document Driven Methodology for Improving the Quality of a Parallel Mesh Generation Toolbox},
	Volume = {40},
	Year = {2009},
	Bdsk-File-1 = {YnBsaXN0MDDUAQIDBAUGJCVYJHZlcnNpb25YJG9iamVjdHNZJGFyY2hpdmVyVCR0b3ASAAGGoKgHCBMUFRYaIVUkbnVsbNMJCgsMDxJXTlMua2V5c1pOUy5vYmplY3RzViRjbGFzc6INDoACgAOiEBGABIAFgAdccmVsYXRpdmVQYXRoWWFsaWFzRGF0YV8QRy4uLy4uLy4uLy4uL1dvcmsvUmVzZWFyY2gvUGFwZXJzL1NtaXRoQW5kWXUyMDA5X0FkdkVuZ1NvZnQvQURFUzE0MzUucGRm0hcLGBlXTlMuZGF0YU8RAeAAAAAAAeAAAgAADE1hY2ludG9zaCBIRAAAAAAAAAAAAAAAAAAAAM6Xc4NIKwAAABcLdQxBREVTMTQzNS5wZGYAAAAAAAAAAAAAAAAAAAAAAAAAAAAAAAAAAAAAAAAAAAAAAAAAAAAAAAAAAAAAAAAAAAAAF4ekzyLhIgAAAAAAAAAAAAQABQAACSAAAAAAAAAAAAAAAAAAAAAZU21pdGhBbmRZdTIwMDlfQWR2RW5nU29mdAAAEAAIAADOl6vDAAAAEQAIAADPIydyAAAAAQAYABcLdQAXAgsAFwBNABb97QAI92YAAmSOAAIAW01hY2ludG9zaCBIRDpVc2VyczoAc21pdGhzOgBXb3JrOgBSZXNlYXJjaDoAUGFwZXJzOgBTbWl0aEFuZFl1MjAwOV9BZHZFbmdTb2Z0OgBBREVTMTQzNS5wZGYAAA4AGgAMAEEARABFAFMAMQA0ADMANQAuAHAAZABmAA8AGgAMAE0AYQBjAGkAbgB0AG8AcwBoACAASABEABIASFVzZXJzL3NtaXRocy9Xb3JrL1Jlc2VhcmNoL1BhcGVycy9TbWl0aEFuZFl1MjAwOV9BZHZFbmdTb2Z0L0FERVMxNDM1LnBkZgATAAEvAAAVAAIADf//AACABtIbHB0eWiRjbGFzc25hbWVYJGNsYXNzZXNdTlNNdXRhYmxlRGF0YaMdHyBWTlNEYXRhWE5TT2JqZWN00hscIiNcTlNEaWN0aW9uYXJ5oiIgXxAPTlNLZXllZEFyY2hpdmVy0SYnVHJvb3SAAQAIABEAGgAjAC0AMgA3AEAARgBNAFUAYABnAGoAbABuAHEAcwB1AHcAhACOANgA3QDlAskCywLQAtsC5ALyAvYC/QMGAwsDGAMbAy0DMAM1AAAAAAAAAgEAAAAAAAAAKAAAAAAAAAAAAAAAAAAAAzc=},
	Bdsk-Url-1 = {http://dx.doi.org/10.1016/j.advengsoft.2009.05.003}}

@article{CrickAndHall2014,
	Author = {Tom Crick and Benjamin A. Hall and Samin Ishtiaq},
	Bibsource = {dblp computer science bibliography, http://dblp.org},
	Biburl = {http://dblp.uni-trier.de/rec/bib/journals/corr/CrickHI14},
	Date-Added = {2016-08-08 21:31:42 +0000},
	Date-Modified = {2016-08-14 20:53:39 +0000},
	Journal = {CoRR},
	Timestamp = {Fri, 01 Aug 2014 13:50:01 +0200},
	Title = {Can {I} Implement Your Algorithm?: {A} Model for Reproducible Research Software},
	Url = {http://arxiv.org/abs/1407.5981},
	Volume = {abs/1407.5981},
	Year = {2014},
	Bdsk-File-1 = {YnBsaXN0MDDUAQIDBAUGJCVYJHZlcnNpb25YJG9iamVjdHNZJGFyY2hpdmVyVCR0b3ASAAGGoKgHCBMUFRYaIVUkbnVsbNMJCgsMDxJXTlMua2V5c1pOUy5vYmplY3RzViRjbGFzc6INDoACgAOiEBGABIAFgAdccmVsYXRpdmVQYXRoWWFsaWFzRGF0YV8QOy4uLy4uLy4uL3NlNHNjL1NjaUNvbXBBbmRTb2Z0RW5nUGFwZXJzL0NyaWNrQW5kSGFsbDIwMTQucGRm0hcLGBlXTlMuZGF0YU8RAeQAAAAAAeQAAgAADE1hY2ludG9zaCBIRAAAAAAAAAAAAAAAAAAAAM6Xc4NIKwAACTH9DRRDcmlja0FuZEhhbGwyMDE0LnBkZgAAAAAAAAAAAAAAAAAAAAAAAAAAAAAAAAAAAAAAAAAAAAAAAAAAAAAAAAAJMf0b028E0AAAAAAAAAAAAAMAAwAACSAAAAAAAAAAAAAAAAAAAAAXU2NpQ29tcEFuZFNvZnRFbmdQYXBlcnMAABAACAAAzperwwAAABEACAAA0289EAAAAAEAFAkx/Q0JMe7HABIVpwAI92YAAmSOAAIAV01hY2ludG9zaCBIRDpVc2VyczoAc21pdGhzOgBSZXBvczoAc2U0c2M6AFNjaUNvbXBBbmRTb2Z0RW5nUGFwZXJzOgBDcmlja0FuZEhhbGwyMDE0LnBkZgAADgAqABQAQwByAGkAYwBrAEEAbgBkAEgAYQBsAGwAMgAwADEANAAuAHAAZABmAA8AGgAMAE0AYQBjAGkAbgB0AG8AcwBoACAASABEABIARVVzZXJzL3NtaXRocy9SZXBvcy9zZTRzYy9TY2lDb21wQW5kU29mdEVuZ1BhcGVycy9Dcmlja0FuZEhhbGwyMDE0LnBkZgAAEwABLwAAFQACAA3//wAAgAbSGxwdHlokY2xhc3NuYW1lWCRjbGFzc2VzXU5TTXV0YWJsZURhdGGjHR8gVk5TRGF0YVhOU09iamVjdNIbHCIjXE5TRGljdGlvbmFyeaIiIF8QD05TS2V5ZWRBcmNoaXZlctEmJ1Ryb290gAEACAARABoAIwAtADIANwBAAEYATQBVAGAAZwBqAGwAbgBxAHMAdQB3AIQAjgDMANEA2QLBAsMCyALTAtwC6gLuAvUC/gMDAxADEwMlAygDLQAAAAAAAAIBAAAAAAAAACgAAAAAAAAAAAAAAAAAAAMv},
	Bdsk-Url-1 = {http://arxiv.org/abs/1407.5981}}

@article{WilsonEtAl2013,
	Author = {Greg Wilson and D.A. Aruliah and C. Titus Brown and Neil P. Chue Hong and Matt Davis and Richard T. Guy and Steven H.D. Haddock and Kathryn D. Huff and Ian M. Mitchell and Mark D. Plumblet and Ben Waugh and Ethan P. White and Paul Wilson},
	Bibsource = {DBLP, http://dblp.uni-trier.de},
	Date-Added = {2016-08-08 21:20:46 +0000},
	Date-Modified = {2016-08-08 21:20:46 +0000},
	Ee = {http://arxiv.org/abs/1210.0530},
	Journal = {CoRR},
	Title = {Best Practices for Scientific Computing},
	Volume = {abs/1210.0530},
	Year = {2013},
	Bdsk-File-1 = {YnBsaXN0MDDUAQIDBAUGJCVYJHZlcnNpb25YJG9iamVjdHNZJGFyY2hpdmVyVCR0b3ASAAGGoKgHCBMUFRYaIVUkbnVsbNMJCgsMDxJXTlMua2V5c1pOUy5vYmplY3RzViRjbGFzc6INDoACgAOiEBGABIAFgAdccmVsYXRpdmVQYXRoWWFsaWFzRGF0YV8QNy4uLy4uLy4uLy4uL1dvcmsvUmVzZWFyY2gvUmVmZXJlbmNlcy9XaWxzb25FdEFsMjAxMy5wZGbSFwsYGVdOUy5kYXRhTxEBtgAAAAABtgACAAAMTWFjaW50b3NoIEhEAAAAAAAAAAAAAAAAAAAAzpdzg0grAAAAFwIMEldpbHNvbkV0QWwyMDEzLnBkZgAAAAAAAAAAAAAAAAAAAAAAAAAAAAAAAAAAAAAAAAAAAAAAAAAAAAAAAAAAAALYZiPQPnKfAAAAAAAAAAAABAAEAAAJIAAAAAAAAAAAAAAAAAAAAApSZWZlcmVuY2VzABAACAAAzperwwAAABEACAAA0D6q3wAAAAEAFAAXAgwAFwBNABb97QAI92YAAmSOAAIASk1hY2ludG9zaCBIRDpVc2VyczoAc21pdGhzOgBXb3JrOgBSZXNlYXJjaDoAUmVmZXJlbmNlczoAV2lsc29uRXRBbDIwMTMucGRmAA4AJgASAFcAaQBsAHMAbwBuAEUAdABBAGwAMgAwADEAMwAuAHAAZABmAA8AGgAMAE0AYQBjAGkAbgB0AG8AcwBoACAASABEABIAOFVzZXJzL3NtaXRocy9Xb3JrL1Jlc2VhcmNoL1JlZmVyZW5jZXMvV2lsc29uRXRBbDIwMTMucGRmABMAAS8AABUAAgAN//8AAIAG0hscHR5aJGNsYXNzbmFtZVgkY2xhc3Nlc11OU011dGFibGVEYXRhox0fIFZOU0RhdGFYTlNPYmplY3TSGxwiI1xOU0RpY3Rpb25hcnmiIiBfEA9OU0tleWVkQXJjaGl2ZXLRJidUcm9vdIABAAgAEQAaACMALQAyADcAQABGAE0AVQBgAGcAagBsAG4AcQBzAHUAdwCEAI4AyADNANUCjwKRApYCoQKqArgCvALDAswC0QLeAuEC8wL2AvsAAAAAAAACAQAAAAAAAAAoAAAAAAAAAAAAAAAAAAAC/Q==}}

@article{Wilson2006,
	Author = {Gregory V.~Wilson},
	Date-Added = {2016-08-08 21:20:43 +0000},
	Date-Modified = {2016-08-08 21:20:43 +0000},
	Journal = {American Scientist},
	Number = {1},
	Title = {Where's the Real Bottleneck in Scientific Computing? {S}cientists would do well to pick some tools widely used in the software industry},
	Url = {http://www.americanscientist.org/issues/pub/wheres-the-real-bottleneck-in-scientific-computing},
	Volume = {94},
	Year = {2006},
	Bdsk-File-1 = {YnBsaXN0MDDUAQIDBAUGJCVYJHZlcnNpb25YJG9iamVjdHNZJGFyY2hpdmVyVCR0b3ASAAGGoKgHCBMUFRYaIVUkbnVsbNMJCgsMDxJXTlMua2V5c1pOUy5vYmplY3RzViRjbGFzc6INDoACgAOiEBGABIAFgAdccmVsYXRpdmVQYXRoWWFsaWFzRGF0YV8QMy4uLy4uLy4uLy4uL1dvcmsvUmVzZWFyY2gvUmVmZXJlbmNlcy9XaWxzb24yMDA2LnBkZtIXCxgZV05TLmRhdGFPEQGmAAAAAAGmAAIAAAxNYWNpbnRvc2ggSEQAAAAAAAAAAAAAAAAAAADOl3ODSCsAAAAXAgwOV2lsc29uMjAwNi5wZGYAAAAAAAAAAAAAAAAAAAAAAAAAAAAAAAAAAAAAAAAAAAAAAAAAAAAAAAAAAAAAAAAAAq3KGtAsjEAAAAAAAAAAAAAEAAQAAAkgAAAAAAAAAAAAAAAAAAAAClJlZmVyZW5jZXMAEAAIAADOl6vDAAAAEQAIAADQLMSAAAAAAQAUABcCDAAXAE0AFv3tAAj3ZgACZI4AAgBGTWFjaW50b3NoIEhEOlVzZXJzOgBzbWl0aHM6AFdvcms6AFJlc2VhcmNoOgBSZWZlcmVuY2VzOgBXaWxzb24yMDA2LnBkZgAOAB4ADgBXAGkAbABzAG8AbgAyADAAMAA2AC4AcABkAGYADwAaAAwATQBhAGMAaQBuAHQAbwBzAGgAIABIAEQAEgA0VXNlcnMvc21pdGhzL1dvcmsvUmVzZWFyY2gvUmVmZXJlbmNlcy9XaWxzb24yMDA2LnBkZgATAAEvAAAVAAIADf//AACABtIbHB0eWiRjbGFzc25hbWVYJGNsYXNzZXNdTlNNdXRhYmxlRGF0YaMdHyBWTlNEYXRhWE5TT2JqZWN00hscIiNcTlNEaWN0aW9uYXJ5oiIgXxAPTlNLZXllZEFyY2hpdmVy0SYnVHJvb3SAAQAIABEAGgAjAC0AMgA3AEAARgBNAFUAYABnAGoAbABuAHEAcwB1AHcAhACOAMQAyQDRAnsCfQKCAo0ClgKkAqgCrwK4Ar0CygLNAt8C4gLnAAAAAAAAAgEAAAAAAAAAKAAAAAAAAAAAAAAAAAAAAuk=},
	Bdsk-Url-1 = {http://www.americanscientist.org/issues/pub/wheres-the-real-bottleneck-in-scientific-computing}}

@article{Kelly2015,
	Author = {Diane Kelly},
	Bibsource = {dblp computer science bibliography, http://dblp.org},
	Biburl = {http://dblp.uni-trier.de/rec/bib/journals/jss/Kelly15},
	Date-Added = {2016-08-07 12:17:25 +0000},
	Date-Modified = {2016-08-07 12:17:25 +0000},
	Doi = {10.1016/j.jss.2015.07.027},
	Journal = {Journal of Systems and Software},
	Pages = {50--61},
	Timestamp = {Thu, 26 Nov 2015 09:26:40 +0100},
	Title = {Scientific software development viewed as knowledge acquisition: Towards understanding the development of risk-averse scientific software},
	Url = {http://dx.doi.org/10.1016/j.jss.2015.07.027},
	Volume = {109},
	Year = {2015},
	Bdsk-File-1 = {YnBsaXN0MDDUAQIDBAUGJCVYJHZlcnNpb25YJG9iamVjdHNZJGFyY2hpdmVyVCR0b3ASAAGGoKgHCBMUFRYaIVUkbnVsbNMJCgsMDxJXTlMua2V5c1pOUy5vYmplY3RzViRjbGFzc6INDoACgAOiEBGABIAFgAdccmVsYXRpdmVQYXRoWWFsaWFzRGF0YV8QNC4uLy4uLy4uL3NlNHNjL1NjaUNvbXBBbmRTb2Z0RW5nUGFwZXJzL0tlbGx5MjAxNS5wZGbSFwsYGVdOUy5kYXRhTxEBxgAAAAABxgACAAAMTWFjaW50b3NoIEhEAAAAAAAAAAAAAAAAAAAAzpdzg0grAAAJMf0NDUtlbGx5MjAxNS5wZGYAAAAAAAAAAAAAAAAAAAAAAAAAAAAAAAAAAAAAAAAAAAAAAAAAAAAAAAAAAAAAAAAAAAkx/TDTbwTQAAAAAAAAAAAAAwADAAAJIAAAAAAAAAAAAAAAAAAAABdTY2lDb21wQW5kU29mdEVuZ1BhcGVycwAAEAAIAADOl6vDAAAAEQAIAADTbz0QAAAAAQAUCTH9DQkx7scAEhWnAAj3ZgACZI4AAgBQTWFjaW50b3NoIEhEOlVzZXJzOgBzbWl0aHM6AFJlcG9zOgBzZTRzYzoAU2NpQ29tcEFuZFNvZnRFbmdQYXBlcnM6AEtlbGx5MjAxNS5wZGYADgAcAA0ASwBlAGwAbAB5ADIAMAAxADUALgBwAGQAZgAPABoADABNAGEAYwBpAG4AdABvAHMAaAAgAEgARAASAD5Vc2Vycy9zbWl0aHMvUmVwb3Mvc2U0c2MvU2NpQ29tcEFuZFNvZnRFbmdQYXBlcnMvS2VsbHkyMDE1LnBkZgATAAEvAAAVAAIADf//AACABtIbHB0eWiRjbGFzc25hbWVYJGNsYXNzZXNdTlNNdXRhYmxlRGF0YaMdHyBWTlNEYXRhWE5TT2JqZWN00hscIiNcTlNEaWN0aW9uYXJ5oiIgXxAPTlNLZXllZEFyY2hpdmVy0SYnVHJvb3SAAQAIABEAGgAjAC0AMgA3AEAARgBNAFUAYABnAGoAbABuAHEAcwB1AHcAhACOAMUAygDSApwCngKjAq4CtwLFAskC0ALZAt4C6wLuAwADAwMIAAAAAAAAAgEAAAAAAAAAKAAAAAAAAAAAAAAAAAAAAwo=},
	Bdsk-Url-1 = {http://dx.doi.org/10.1016/j.jss.2015.07.027}}

@inproceedings{Kelly2013,
	Acmid = {2555555},
	Address = {Riverton, NJ, USA},
	Author = {Kelly, Diane},
	Booktitle = {Proceedings of the 2013 Conference of the Center for Advanced Studies on Collaborative Research},
	Date-Added = {2016-08-07 12:17:19 +0000},
	Date-Modified = {2016-08-07 12:17:19 +0000},
	Location = {Ontario, Canada},
	Numpages = {12},
	Pages = {299--310},
	Publisher = {IBM Corp.},
	Series = {CASCON '13},
	Title = {Industrial Scientific Software: A Set of Interviews on Software Development},
	Url = {http://dl.acm.org/citation.cfm?id=2555523.2555555},
	Year = {2013},
	Bdsk-File-1 = {YnBsaXN0MDDUAQIDBAUGJCVYJHZlcnNpb25YJG9iamVjdHNZJGFyY2hpdmVyVCR0b3ASAAGGoKgHCBMUFRYaIVUkbnVsbNMJCgsMDxJXTlMua2V5c1pOUy5vYmplY3RzViRjbGFzc6INDoACgAOiEBGABIAFgAdccmVsYXRpdmVQYXRoWWFsaWFzRGF0YV8QMi4uLy4uLy4uLy4uL1dvcmsvUmVzZWFyY2gvUmVmZXJlbmNlcy9LZWxseTIwMTMucGRm0hcLGBlXTlMuZGF0YU8RAaQAAAAAAaQAAgAADE1hY2ludG9zaCBIRAAAAAAAAAAAAAAAAAAAAM6Xc4NIKwAAABcCDA1LZWxseTIwMTMucGRmAAAAAAAAAAAAAAAAAAAAAAAAAAAAAAAAAAAAAAAAAAAAAAAAAAAAAAAAAAAAAAAAAAACsPtZ0C3wzAAAAAAAAAAAAAQABAAACSAAAAAAAAAAAAAAAAAAAAAKUmVmZXJlbmNlcwAQAAgAAM6Xq8MAAAARAAgAANAuKQwAAAABABQAFwIMABcATQAW/e0ACPdmAAJkjgACAEVNYWNpbnRvc2ggSEQ6VXNlcnM6AHNtaXRoczoAV29yazoAUmVzZWFyY2g6AFJlZmVyZW5jZXM6AEtlbGx5MjAxMy5wZGYAAA4AHAANAEsAZQBsAGwAeQAyADAAMQAzAC4AcABkAGYADwAaAAwATQBhAGMAaQBuAHQAbwBzAGgAIABIAEQAEgAzVXNlcnMvc21pdGhzL1dvcmsvUmVzZWFyY2gvUmVmZXJlbmNlcy9LZWxseTIwMTMucGRmAAATAAEvAAAVAAIADf//AACABtIbHB0eWiRjbGFzc25hbWVYJGNsYXNzZXNdTlNNdXRhYmxlRGF0YaMdHyBWTlNEYXRhWE5TT2JqZWN00hscIiNcTlNEaWN0aW9uYXJ5oiIgXxAPTlNLZXllZEFyY2hpdmVy0SYnVHJvb3SAAQAIABEAGgAjAC0AMgA3AEAARgBNAFUAYABnAGoAbABuAHEAcwB1AHcAhACOAMMAyADQAngCegJ/AooCkwKhAqUCrAK1AroCxwLKAtwC3wLkAAAAAAAAAgEAAAAAAAAAKAAAAAAAAAAAAAAAAAAAAuY=}}

@article{Segal2005,
	Author = {Segal, Judith},
	Citeulike-Article-Id = {342252},
	Date-Added = {2016-08-07 12:17:03 +0000},
	Date-Modified = {2016-08-07 12:17:03 +0000},
	Doi = {10.1007/s10664-005-3865-y},
	Issn = {1382-3256},
	Journal = {Empirical Software Engineering},
	Keywords = {components, enginner, experiment, research, science},
	Local-Url = {file://localhost/Users/smiths/LongTermArchives/Work/Research/References/SciCompAndSoftEng/Segal2005.pdf},
	Month = {October},
	Number = {4},
	Pages = {517--536},
	Posted-At = {2006-08-11 01:21:33},
	Priority = {4},
	Publisher = {Kluwer Academic Publishers},
	Title = {When Software Engineers Met Research Scientists: A Case Study},
	Url = {http://dx.doi.org/10.1007/s10664-005-3865-y},
	Volume = {10},
	Year = {2005},
	Bdsk-File-1 = {YnBsaXN0MDDUAQIDBAUGJCVYJHZlcnNpb25YJG9iamVjdHNZJGFyY2hpdmVyVCR0b3ASAAGGoKgHCBMUFRYaIVUkbnVsbNMJCgsMDxJXTlMua2V5c1pOUy5vYmplY3RzViRjbGFzc6INDoACgAOiEBGABIAFgAdccmVsYXRpdmVQYXRoWWFsaWFzRGF0YV8QcS4uLy4uLy4uL09MRF9TVk4vbW1zY09MRF9TVk4vRG9tYWluWC9aaGVuZyBaZW5nL1dyaXRpbmdzL1JlZmVyZW5jZXMvUGFwZXJzT25Tb2Z0RW5nQXBwbGllZFRvU2NpQ29tcC9TZWdhbDIwMDUucGRm0hcLGBlXTlMuZGF0YU8RAmIAAAAAAmIAAgAADE1hY2ludG9zaCBIRAAAAAAAAAAAAAAAAAAAAM6Xc4NIKwAAApHE0w1TZWdhbDIwMDUucGRmAAAAAAAAAAAAAAAAAAAAAAAAAAAAAAAAAAAAAAAAAAAAAAAAAAAAAAAAAAAAAAAAAAACkcUV0CEsQAAAAAAAAAAAAAMACAAACSAAAAAAAAAAAAAAAAAAAAAfUGFwZXJzT25Tb2Z0RW5nQXBwbGllZFRvU2NpQ29tcAAAEAAIAADOl6vDAAAAEQAIAADQIWSAAAAAAQAoApHE0wKRxKgCkcSmApHEdwKRxHUCkcRMCTH+pwASFacACPdmAAJkjgACAJJNYWNpbnRvc2ggSEQ6VXNlcnM6AHNtaXRoczoAUmVwb3M6AE9MRF9TVk46AG1tc2NPTERfU1ZOOgBEb21haW5YOgBaaGVuZyBaZW5nOgBXcml0aW5nczoAUmVmZXJlbmNlczoAUGFwZXJzT25Tb2Z0RW5nQXBwbGllZFRvU2NpQ29tcDoAU2VnYWwyMDA1LnBkZgAOABwADQBTAGUAZwBhAGwAMgAwADAANQAuAHAAZABmAA8AGgAMAE0AYQBjAGkAbgB0AG8AcwBoACAASABEABIAe1VzZXJzL3NtaXRocy9SZXBvcy9PTERfU1ZOL21tc2NPTERfU1ZOL0RvbWFpblgvWmhlbmcgWmVuZy9Xcml0aW5ncy9SZWZlcmVuY2VzL1BhcGVyc09uU29mdEVuZ0FwcGxpZWRUb1NjaUNvbXAvU2VnYWwyMDA1LnBkZgAAEwABLwAAFQACAA3//wAAgAbSGxwdHlokY2xhc3NuYW1lWCRjbGFzc2VzXU5TTXV0YWJsZURhdGGjHR8gVk5TRGF0YVhOU09iamVjdNIbHCIjXE5TRGljdGlvbmFyeaIiIF8QD05TS2V5ZWRBcmNoaXZlctEmJ1Ryb290gAEACAARABoAIwAtADIANwBAAEYATQBVAGAAZwBqAGwAbgBxAHMAdQB3AIQAjgECAQcBDwN1A3cDfAOHA5ADngOiA6kDsgO3A8QDxwPZA9wD4QAAAAAAAAIBAAAAAAAAACgAAAAAAAAAAAAAAAAAAAPj},
	Bdsk-Url-1 = {http://dx.doi.org/10.1007/s10664-005-3865-y}}

@article{EasterbrookAndJohns2009,
	Address = {Los Alamitos, CA, USA},
	Author = {Easterbrook, Steve M. and Johns, Timothy C.},
	Date-Added = {2016-08-07 12:16:48 +0000},
	Date-Modified = {2016-08-07 12:16:48 +0000},
	Doi = {http://dx.doi.org/10.1109/MCSE.2009.193},
	Issn = {0740-7475},
	Journal = {Comuting in Science \& Engineering},
	Month = {November/December},
	Number = {6},
	Pages = {65--74},
	Publisher = {IEEE Computer Society Press},
	Title = {Engineering the Software for Understanding Climate Change},
	Volume = {11},
	Year = {2009},
	Bdsk-File-1 = {YnBsaXN0MDDUAQIDBAUGJCVYJHZlcnNpb25YJG9iamVjdHNZJGFyY2hpdmVyVCR0b3ASAAGGoKgHCBMUFRYaIVUkbnVsbNMJCgsMDxJXTlMua2V5c1pOUy5vYmplY3RzViRjbGFzc6INDoACgAOiEBGABIAFgAdccmVsYXRpdmVQYXRoWWFsaWFzRGF0YV8QQi4uLy4uLy4uL3NlNHNjL1NjaUNvbXBBbmRTb2Z0RW5nUGFwZXJzL0Vhc3RlcmJyb29rQW5kSm9obnMyMDA5LnBkZtIXCxgZV05TLmRhdGFPEQH+AAAAAAH+AAIAAAxNYWNpbnRvc2ggSEQAAAAAAAAAAAAAAAAAAADOl3ODSCsAAAkx/Q0bRWFzdGVyYnJvb2tBbmRKb2huczIwMDkucGRmAAAAAAAAAAAAAAAAAAAAAAAAAAAAAAAAAAAAAAAAAAAAAAAACTH9INNvBNAAAAAAAAAAAAADAAMAAAkgAAAAAAAAAAAAAAAAAAAAF1NjaUNvbXBBbmRTb2Z0RW5nUGFwZXJzAAAQAAgAAM6Xq8MAAAARAAgAANNvPRAAAAABABQJMf0NCTHuxwASFacACPdmAAJkjgACAF5NYWNpbnRvc2ggSEQ6VXNlcnM6AHNtaXRoczoAUmVwb3M6AHNlNHNjOgBTY2lDb21wQW5kU29mdEVuZ1BhcGVyczoARWFzdGVyYnJvb2tBbmRKb2huczIwMDkucGRmAA4AOAAbAEUAYQBzAHQAZQByAGIAcgBvAG8AawBBAG4AZABKAG8AaABuAHMAMgAwADAAOQAuAHAAZABmAA8AGgAMAE0AYQBjAGkAbgB0AG8AcwBoACAASABEABIATFVzZXJzL3NtaXRocy9SZXBvcy9zZTRzYy9TY2lDb21wQW5kU29mdEVuZ1BhcGVycy9FYXN0ZXJicm9va0FuZEpvaG5zMjAwOS5wZGYAEwABLwAAFQACAA3//wAAgAbSGxwdHlokY2xhc3NuYW1lWCRjbGFzc2VzXU5TTXV0YWJsZURhdGGjHR8gVk5TRGF0YVhOU09iamVjdNIbHCIjXE5TRGljdGlvbmFyeaIiIF8QD05TS2V5ZWRBcmNoaXZlctEmJ1Ryb290gAEACAARABoAIwAtADIANwBAAEYATQBVAGAAZwBqAGwAbgBxAHMAdQB3AIQAjgDTANgA4ALiAuQC6QL0Av0DCwMPAxYDHwMkAzEDNANGA0kDTgAAAAAAAAIBAAAAAAAAACgAAAAAAAAAAAAAAAAAAANQ},
	Bdsk-Url-1 = {http://dx.doi.org/10.1109/MCSE.2009.193}}

@inproceedings{CarverEtAl2007,
	Address = {Washington, DC, USA},
	Author = {Jeffrey C. Carver and Richard P. Kendall and Susan E. Squires and Douglass E. Post},
	Booktitle = {ICSE '07: Proceedings of the 29th International Conference on Software Engineering},
	Date-Added = {2016-08-07 12:16:28 +0000},
	Date-Modified = {2016-08-07 12:16:28 +0000},
	Doi = {http://dx.doi.org/10.1109/ICSE.2007.77},
	Isbn = {0-7695-2828-7},
	Local-Url = {file://localhost/Users/smiths/LongTermArchives/Work/Research/References/SciCompAndSoftEng/CarverEtAl2007.pdf},
	Pages = {550--559},
	Publisher = {IEEE Computer Society},
	Title = {Software Development Environments for Scientific and Engineering Software: A Series of Case Studies},
	Year = {2007},
	Bdsk-File-1 = {YnBsaXN0MDDUAQIDBAUGJCVYJHZlcnNpb25YJG9iamVjdHNZJGFyY2hpdmVyVCR0b3ASAAGGoKgHCBMUFRYaIVUkbnVsbNMJCgsMDxJXTlMua2V5c1pOUy5vYmplY3RzViRjbGFzc6INDoACgAOiEBGABIAFgAdccmVsYXRpdmVQYXRoWWFsaWFzRGF0YV8QNy4uLy4uLy4uLy4uL1dvcmsvUmVzZWFyY2gvUmVmZXJlbmNlcy9DYXJ2ZXJFdEFsMjAwNy5wZGbSFwsYGVdOUy5kYXRhTxEBtgAAAAABtgACAAAMTWFjaW50b3NoIEhEAAAAAAAAAAAAAAAAAAAAzpdzg0grAAAAFwIMEkNhcnZlckV0QWwyMDA3LnBkZgAAAAAAAAAAAAAAAAAAAAAAAAAAAAAAAAAAAAAAAAAAAAAAAAAAAAAAAAAAAAVQuvzRbnAsAAAAAAAAAAAABAAEAAAJIAAAAAAAAAAAAAAAAAAAAApSZWZlcmVuY2VzABAACAAAzperwwAAABEACAAA0W6obAAAAAEAFAAXAgwAFwBNABb97QAI92YAAmSOAAIASk1hY2ludG9zaCBIRDpVc2VyczoAc21pdGhzOgBXb3JrOgBSZXNlYXJjaDoAUmVmZXJlbmNlczoAQ2FydmVyRXRBbDIwMDcucGRmAA4AJgASAEMAYQByAHYAZQByAEUAdABBAGwAMgAwADAANwAuAHAAZABmAA8AGgAMAE0AYQBjAGkAbgB0AG8AcwBoACAASABEABIAOFVzZXJzL3NtaXRocy9Xb3JrL1Jlc2VhcmNoL1JlZmVyZW5jZXMvQ2FydmVyRXRBbDIwMDcucGRmABMAAS8AABUAAgAN//8AAIAG0hscHR5aJGNsYXNzbmFtZVgkY2xhc3Nlc11OU011dGFibGVEYXRhox0fIFZOU0RhdGFYTlNPYmplY3TSGxwiI1xOU0RpY3Rpb25hcnmiIiBfEA9OU0tleWVkQXJjaGl2ZXLRJidUcm9vdIABAAgAEQAaACMALQAyADcAQABGAE0AVQBgAGcAagBsAG4AcQBzAHUAdwCEAI4AyADNANUCjwKRApYCoQKqArgCvALDAswC0QLeAuEC8wL2AvsAAAAAAAACAQAAAAAAAAAoAAAAAAAAAAAAAAAAAAAC/Q==},
	Bdsk-Url-1 = {http://dx.doi.org/10.1109/ICSE.2007.77}}

@article{AckroydEtAl2008,
	Author = {Karen S. Ackroyd and Steve H. Kinder and Geoff R. Mant and Mike C. Miller and Christine A. Ramsdale and Paul C. Stephenson},
	Date-Added = {2016-08-07 12:16:00 +0000},
	Date-Modified = {2016-08-07 12:16:00 +0000},
	Journal = {IEEE Software},
	Local-Url = {/Users/smiths/LongTermArchives/Work/Research/References/SciCompAndSoftEng/AckroydEtAl2008.pdf},
	Month = {July/August},
	Number = {4},
	Pages = {44--51},
	Title = {Scientific Software Development at a Research Facility},
	Volume = {25},
	Year = {2008},
	Bdsk-File-1 = {YnBsaXN0MDDUAQIDBAUGJCVYJHZlcnNpb25YJG9iamVjdHNZJGFyY2hpdmVyVCR0b3ASAAGGoKgHCBMUFRYaIVUkbnVsbNMJCgsMDxJXTlMua2V5c1pOUy5vYmplY3RzViRjbGFzc6INDoACgAOiEBGABIAFgAdccmVsYXRpdmVQYXRoWWFsaWFzRGF0YV8QOi4uLy4uLy4uL3NlNHNjL1NjaUNvbXBBbmRTb2Z0RW5nUGFwZXJzL0Fja3JveWRFdEFsMjAwOC5wZGbSFwsYGVdOUy5kYXRhTxEB3gAAAAAB3gACAAAMTWFjaW50b3NoIEhEAAAAAAAAAAAAAAAAAAAAzpdzg0grAAAJMf0NE0Fja3JveWRFdEFsMjAwOC5wZGYAAAAAAAAAAAAAAAAAAAAAAAAAAAAAAAAAAAAAAAAAAAAAAAAAAAAAAAAAAAkx/Q/TbwTQAAAAAAAAAAAAAwADAAAJIAAAAAAAAAAAAAAAAAAAABdTY2lDb21wQW5kU29mdEVuZ1BhcGVycwAAEAAIAADOl6vDAAAAEQAIAADTbz0QAAAAAQAUCTH9DQkx7scAEhWnAAj3ZgACZI4AAgBWTWFjaW50b3NoIEhEOlVzZXJzOgBzbWl0aHM6AFJlcG9zOgBzZTRzYzoAU2NpQ29tcEFuZFNvZnRFbmdQYXBlcnM6AEFja3JveWRFdEFsMjAwOC5wZGYADgAoABMAQQBjAGsAcgBvAHkAZABFAHQAQQBsADIAMAAwADgALgBwAGQAZgAPABoADABNAGEAYwBpAG4AdABvAHMAaAAgAEgARAASAERVc2Vycy9zbWl0aHMvUmVwb3Mvc2U0c2MvU2NpQ29tcEFuZFNvZnRFbmdQYXBlcnMvQWNrcm95ZEV0QWwyMDA4LnBkZgATAAEvAAAVAAIADf//AACABtIbHB0eWiRjbGFzc25hbWVYJGNsYXNzZXNdTlNNdXRhYmxlRGF0YaMdHyBWTlNEYXRhWE5TT2JqZWN00hscIiNcTlNEaWN0aW9uYXJ5oiIgXxAPTlNLZXllZEFyY2hpdmVy0SYnVHJvb3SAAQAIABEAGgAjAC0AMgA3AEAARgBNAFUAYABnAGoAbABuAHEAcwB1AHcAhACOAMsA0ADYAroCvALBAswC1QLjAucC7gL3AvwDCQMMAx4DIQMmAAAAAAAAAgEAAAAAAAAAKAAAAAAAAAAAAAAAAAAAAyg=},
	Bdsk-File-2 = {YnBsaXN0MDDUAQIDBAUGJCVYJHZlcnNpb25YJG9iamVjdHNZJGFyY2hpdmVyVCR0b3ASAAGGoKgHCBMUFRYaIVUkbnVsbNMJCgsMDxJXTlMua2V5c1pOUy5vYmplY3RzViRjbGFzc6INDoACgAOiEBGABIAFgAdccmVsYXRpdmVQYXRoWWFsaWFzRGF0YV8QWy4uLy4uLy4uLy4uL0xvbmdUZXJtQXJjaGl2ZXMvV29yay9SZXNlYXJjaC9SZWZlcmVuY2VzL1NjaUNvbXBBbmRTb2Z0RW5nL0Fja3JveWRFdEFsMjAwOC5wZGbSFwsYGVdOUy5kYXRhTxECDAAAAAACDAACAAAMTWFjaW50b3NoIEhEAAAAAAAAAAAAAAAAAAAAxsVhAEgrAAAAEqeSE0Fja3JveWRFdEFsMjAwOC5wZGYAAAAAAAAAAAAAAAAAAAAAAAAAAAAAAAAAAAAAAAAAAAAAAAAAAAAAAAAAAAAStFfITnRCAAAAAAAAAAAABAAGAAAJIAAAAAAAAAAAAAAAAAAAABFTY2lDb21wQW5kU29mdEVuZwAAEAAIAADGxZlAAAAAEQAIAADITqyCAAAAAQAcABKnkgASojYAEqDKABKgqQASoKUACFn3AAB8YwACAGlNYWNpbnRvc2ggSEQ6VXNlcnM6c21pdGhzOkxvbmdUZXJtQXJjaGl2ZXM6V29yazpSZXNlYXJjaDpSZWZlcmVuY2VzOlNjaUNvbXBBbmRTb2Z0RW5nOkFja3JveWRFdEFsMjAwOC5wZGYAAA4AKAATAEEAYwBrAHIAbwB5AGQARQB0AEEAbAAyADAAMAA4AC4AcABkAGYADwAaAAwATQBhAGMAaQBuAHQAbwBzAGgAIABIAEQAEgBcVXNlcnMvc21pdGhzL0xvbmdUZXJtQXJjaGl2ZXMvV29yay9SZXNlYXJjaC9SZWZlcmVuY2VzL1NjaUNvbXBBbmRTb2Z0RW5nL0Fja3JveWRFdEFsMjAwOC5wZGYAEwABLwAAFQACAA3//wAAgAbSGxwdHlokY2xhc3NuYW1lWCRjbGFzc2VzXU5TTXV0YWJsZURhdGGjHR8gVk5TRGF0YVhOU09iamVjdNIbHCIjXE5TRGljdGlvbmFyeaIiIF8QD05TS2V5ZWRBcmNoaXZlctEmJ1Ryb290gAEACAARABoAIwAtADIANwBAAEYATQBVAGAAZwBqAGwAbgBxAHMAdQB3AIQAjgDsAPEA+QMJAwsDEAMbAyQDMgM2Az0DRgNLA1gDWwNtA3ADdQAAAAAAAAIBAAAAAAAAACgAAAAAAAAAAAAAAAAAAAN3}}

@book{VanVliet2000,
	Address = {New York, NY, USA},
	Author = {Hans van Vliet},
	Date-Added = {2016-08-07 12:10:08 +0000},
	Date-Modified = {2016-08-07 12:10:08 +0000},
	Isbn = {0-471-97508-7},
	Publisher = {John Wiley \& Sons, Inc.},
	Title = {Software Engineering (2nd ed.): Principles and Practice},
	Year = {2000},
	Bdsk-File-1 = {YnBsaXN0MDDUAQIDBAUGJCVYJHZlcnNpb25YJG9iamVjdHNZJGFyY2hpdmVyVCR0b3ASAAGGoKgHCBMUFRYaIVUkbnVsbNMJCgsMDxJXTlMua2V5c1pOUy5vYmplY3RzViRjbGFzc6INDoACgAOiEBGABIAFgAdccmVsYXRpdmVQYXRoWWFsaWFzRGF0YV8QNS4uLy4uLy4uLy4uL1dvcmsvUmVzZWFyY2gvUmVmZXJlbmNlcy9WYW5WbGlldDIwMDAucGRm0hcLGBlXTlMuZGF0YU8RAa4AAAAAAa4AAgAADE1hY2ludG9zaCBIRAAAAAAAAAAAAAAAAAAAAM6Xc4NIKwAAABcCDBBWYW5WbGlldDIwMDAucGRmAAAAAAAAAAAAAAAAAAAAAAAAAAAAAAAAAAAAAAAAAAAAAAAAAAAAAAAAAAAAAAAEWKj40RDWlQAAAAAAAAAAAAQABAAACSAAAAAAAAAAAAAAAAAAAAAKUmVmZXJlbmNlcwAQAAgAAM6Xq8MAAAARAAgAANERHOUAAAABABQAFwIMABcATQAW/e0ACPdmAAJkjgACAEhNYWNpbnRvc2ggSEQ6VXNlcnM6AHNtaXRoczoAV29yazoAUmVzZWFyY2g6AFJlZmVyZW5jZXM6AFZhblZsaWV0MjAwMC5wZGYADgAiABAAVgBhAG4AVgBsAGkAZQB0ADIAMAAwADAALgBwAGQAZgAPABoADABNAGEAYwBpAG4AdABvAHMAaAAgAEgARAASADZVc2Vycy9zbWl0aHMvV29yay9SZXNlYXJjaC9SZWZlcmVuY2VzL1ZhblZsaWV0MjAwMC5wZGYAEwABLwAAFQACAA3//wAAgAbSGxwdHlokY2xhc3NuYW1lWCRjbGFzc2VzXU5TTXV0YWJsZURhdGGjHR8gVk5TRGF0YVhOU09iamVjdNIbHCIjXE5TRGljdGlvbmFyeaIiIF8QD05TS2V5ZWRBcmNoaXZlctEmJ1Ryb290gAEACAARABoAIwAtADIANwBAAEYATQBVAGAAZwBqAGwAbgBxAHMAdQB3AIQAjgDGAMsA0wKFAocCjAKXAqACrgKyArkCwgLHAtQC1wLpAuwC8QAAAAAAAAIBAAAAAAAAACgAAAAAAAAAAAAAAAAAAALz}}

@book{GhezziEtAl2003,
	Address = {Upper Saddle River, NJ, USA},
	Author = {Carlo Ghezzi and Mehdi Jazayeri and Dino Mandrioli},
	Date-Added = {2016-08-07 12:00:16 +0000},
	Date-Modified = {2016-08-07 12:00:16 +0000},
	Edition = {2nd},
	Keywords = {software engineering},
	Publisher = {Prentice Hall},
	Title = {Fundamentals of Software Engineering},
	Year = {2003}}

@article{Maibaum2008,
	Author = {Thomas Maibaum and Alan Wassyng},
	Date-Added = {2013-10-09 11:33:03 -0400},
	Date-Modified = {2013-10-09 11:34:46 -0400},
	Journal = {IEEE Computer},
	Number = {2},
	Pages = {91--93},
	Title = {{A Product-Focused Approach to Software Certification}},
	Volume = {41},
	Year = {2008}}

@mastersthesis{Koothoor2013,
	Author = {Nirmitha Koothoor},
	Date-Added = {2013-08-07 22:03:54 -0400},
	Date-Modified = {2013-08-07 22:03:54 -0400},
	School = {McMaster University, Hamilton, Ontario, Canada},
	Title = {A Document Driven Approach to Certifying Scientific Computing Software},
	Year = {2013},
	Bdsk-File-1 = {YnBsaXN0MDDUAQIDBAUGJCVYJHZlcnNpb25YJG9iamVjdHNZJGFyY2hpdmVyVCR0b3ASAAGGoKgHCBMUFRYaIVUkbnVsbNMJCgsMDxJXTlMua2V5c1pOUy5vYmplY3RzViRjbGFzc6INDoACgAOiEBGABIAFgAdccmVsYXRpdmVQYXRoWWFsaWFzRGF0YV8QIS4uLy4uLy4uL3NjYy9rb290aG9uL2N3dGhlc2lzLnBkZtIXCxgZV05TLmRhdGFPEQGQAAAAAAGQAAIAAAxNYWNpbnRvc2ggSEQAAAAAAAAAAAAAAAAAAADOl3ODSCsAAAAt2e8MY3d0aGVzaXMucGRmAAAAAAAAAAAAAAAAAAAAAAAAAAAAAAAAAAAAAAAAAAAAAAAAAAAAAAAAAAAAAAAAAAAAAthzA9A+frcAAAAAAAAAAAADAAMAAAkgAAAAAAAAAAAAAAAAAAAAB2tvb3Rob24AABAACAAAzperwwAAABEACAAA0D629wAAAAEAFAAt2e8ALdnhABIVpwAI92YAAmSOAAIAPU1hY2ludG9zaCBIRDpVc2VyczoAc21pdGhzOgBSZXBvczoAc2NjOgBrb290aG9uOgBjd3RoZXNpcy5wZGYAAA4AGgAMAGMAdwB0AGgAZQBzAGkAcwAuAHAAZABmAA8AGgAMAE0AYQBjAGkAbgB0AG8AcwBoACAASABEABIAK1VzZXJzL3NtaXRocy9SZXBvcy9zY2Mva29vdGhvbi9jd3RoZXNpcy5wZGYAABMAAS8AABUAAgAN//8AAIAG0hscHR5aJGNsYXNzbmFtZVgkY2xhc3Nlc11OU011dGFibGVEYXRhox0fIFZOU0RhdGFYTlNPYmplY3TSGxwiI1xOU0RpY3Rpb25hcnmiIiBfEA9OU0tleWVkQXJjaGl2ZXLRJidUcm9vdIABAAgAEQAaACMALQAyADcAQABGAE0AVQBgAGcAagBsAG4AcQBzAHUAdwCEAI4AsgC3AL8CUwJVAloCZQJuAnwCgAKHApAClQKiAqUCtwK6Ar8AAAAAAAACAQAAAAAAAAAoAAAAAAAAAAAAAAAAAAACwQ==}}

@techreport{NASA1989,
	Author = {NASA},
	Date-Added = {2013-08-07 16:44:42 -0400},
	Date-Modified = {2013-08-07 16:44:42 -0400},
	Institution = {National Aeronautics and Space Agency},
	Title = {Software requirements {DID}, {SMAP-DID-P200-SW}, Release 4.3},
	Year = {1989}}

@techreport{ESA1991,
	Author = {ESA},
	Date-Added = {2013-08-07 16:44:31 -0400},
	Date-Modified = {2013-08-07 16:44:31 -0400},
	Institution = {European Space Agency},
	Title = {{ESA} Software Engineering Standards, {PSS-05-0} Issue 2},
	Year = {February 1991}}

@inproceedings{SmithAndLai2005,
	Address = {Paris, France},
	Author = {W. Spencer Smith and Lei Lai},
	Booktitle = {Proceedings of the First International Workshop on Situational Requirements Engineering Processes -- Methods, Techniques and Tools to Support Situation-Specific Requirements Engineering Processes, SREP'05},
	Date-Added = {2013-08-07 16:44:19 -0400},
	Date-Modified = {2013-08-07 16:44:19 -0400},
	Editor = {J. Ralyt\'{e} and P. \.{A}gerfalk and N. Kraiem},
	Month = {August},
	Organization = {In conjunction with 13th IEEE International Requirements Engineering Conference},
	Title = {A New Requirements Template for Scientific Computing},
	Year = {2005},
	Bdsk-File-1 = {YnBsaXN0MDDUAQIDBAUGJCVYJHZlcnNpb25YJG9iamVjdHNZJGFyY2hpdmVyVCR0b3ASAAGGoKgHCBMUFRYaIVUkbnVsbNMJCgsMDxJXTlMua2V5c1pOUy5vYmplY3RzViRjbGFzc6INDoACgAOiEBGABIAFgAdccmVsYXRpdmVQYXRoWWFsaWFzRGF0YV8QLi4uLy4uLy4uL0RvY3VtZW50cy9QYXBlcnMvU21pdGhBbmRMYWlfMjAwNS5wZGbSFwsYGVdOUy5kYXRhTxEBoAAAAAABoAACAAAFMjUwR0IAAAAAAAAAAAAAAAAAAAAAAAAAAAAAx9RfkUgrAAAAj4GYFFNtaXRoQW5kTGFpXzIwMDUucGRmAAAAAAAAAAAAAAAAAAAAAAAAAAAAAAAAAAAAAAAAAAAAAAAAAAAAAAAAAACNLxvL68T8AAAAAAAAAAAAAwADAAAJIAAAAAAAAAAAAAAAAAAAAAZQYXBlcnMAEAAIAADH1JfRAAAAEQAIAADL6/08AAAAAQAQAI+BmABo0ukAaNLcAACS8wACAEIyNTBHQjpVc2VyczpuaXJtaXRoYWtvb3Rob29yOkRvY3VtZW50czpQYXBlcnM6U21pdGhBbmRMYWlfMjAwNS5wZGYADgAqABQAUwBtAGkAdABoAEEAbgBkAEwAYQBpAF8AMgAwADAANQAuAHAAZABmAA8ADAAFADIANQAwAEcAQgASADxVc2Vycy9uaXJtaXRoYWtvb3Rob29yL0RvY3VtZW50cy9QYXBlcnMvU21pdGhBbmRMYWlfMjAwNS5wZGYAEwABLwAAFQACABf//wAAgAbSGxwdHlokY2xhc3NuYW1lWCRjbGFzc2VzXU5TTXV0YWJsZURhdGGjHR8gVk5TRGF0YVhOU09iamVjdNIbHCIjXE5TRGljdGlvbmFyeaIiIF8QD05TS2V5ZWRBcmNoaXZlctEmJ1Ryb290gAEACAARABoAIwAtADIANwBAAEYATQBVAGAAZwBqAGwAbgBxAHMAdQB3AIQAjgC/AMQAzAJwAnICdwKCAosCmQKdAqQCrQKyAr8CwgLUAtcC3AAAAAAAAAIBAAAAAAAAACgAAAAAAAAAAAAAAAAAAALe}}

@article{SmithEtAl2007,
	Author = {W. Spencer Smith and Lei Lai and Ridha Khedri},
	Date-Added = {2013-08-07 16:44:15 -0400},
	Date-Modified = {2013-08-07 16:44:15 -0400},
	Journal = {Reliable Computing, Special Issue on Reliable Engineering Computation},
	Title = {Requirements Analysis for Engineering Computation: A Systematic Approach for Improving Software Reliability},
	Volume = {13},
	Year = {2007},
	Bdsk-File-1 = {YnBsaXN0MDDUAQIDBAUGJCVYJHZlcnNpb25YJG9iamVjdHNZJGFyY2hpdmVyVCR0b3ASAAGGoKgHCBMUFRYaIVUkbnVsbNMJCgsMDxJXTlMua2V5c1pOUy5vYmplY3RzViRjbGFzc6INDoACgAOiEBGABIAFgAdccmVsYXRpdmVQYXRoWWFsaWFzRGF0YV8QOy4uLy4uLy4uL0Rlc2t0b3AvRHIuU21pdGgvU21pdGhMYWlBbmRLaGVkcmkyMDA3ZnVsbHRleHQucGRm0hcLGBlXTlMuZGF0YU8RAdYAAAAAAdYAAgAABTI1MEdCAAAAAAAAAAAAAAAAAAAAAAAAAAAAAMfUX5FIKwAAAKWprR9TbWl0aExhaUFuZEtoZWRyaTIwMCM4RDJGNzQucGRmAAAAAAAAAAAAAAAAAAAAAAAAAAAAAAAAAAAAAAAAAAAAjS90y+vFPgAAAAAAAAAAAAMAAwAACSAAAAAAAAAAAAAAAAAAAAAIRHIuU21pdGgAEAAIAADH1JfRAAAAEQAIAADL6/1+AAAAAQAQAKWprQBo0ucAaNLcAACS8wACAE0yNTBHQjpVc2VyczpuaXJtaXRoYWtvb3Rob29yOkRlc2t0b3A6RHIuU21pdGg6U21pdGhMYWlBbmRLaGVkcmkyMDAjOEQyRjc0LnBkZgAADgBEACEAUwBtAGkAdABoAEwAYQBpAEEAbgBkAEsAaABlAGQAcgBpADIAMAAwADcAZgB1AGwAbAB0AGUAeAB0AC4AcABkAGYADwAMAAUAMgA1ADAARwBCABIASVVzZXJzL25pcm1pdGhha29vdGhvb3IvRGVza3RvcC9Eci5TbWl0aC9TbWl0aExhaUFuZEtoZWRyaTIwMDdmdWxsdGV4dC5wZGYAABMAAS8AABUAAgAX//8AAIAG0hscHR5aJGNsYXNzbmFtZVgkY2xhc3Nlc11OU011dGFibGVEYXRhox0fIFZOU0RhdGFYTlNPYmplY3TSGxwiI1xOU0RpY3Rpb25hcnmiIiBfEA9OU0tleWVkQXJjaGl2ZXLRJidUcm9vdIABAAgAEQAaACMALQAyADcAQABGAE0AVQBgAGcAagBsAG4AcQBzAHUAdwCEAI4AzADRANkCswK1AroCxQLOAtwC4ALnAvAC9QMCAwUDFwMaAx8AAAAAAAACAQAAAAAAAAAoAAAAAAAAAAAAAAAAAAADIQ==}}

@book{SommervilleAndSawyer1997,
	Author = {I. Sommerville and P. Sawyer},
	Date-Added = {2013-08-07 16:44:04 -0400},
	Date-Modified = {2013-08-07 16:44:04 -0400},
	Publisher = {John Wiley \& Sons Ltd.},
	Title = {Requirement Engineering: A Good Practice Guide},
	Year = {1997}}

@article{ParnasAndClements1986,
	Author = {David L. Parnas and P.C. Clements},
	Date-Added = {2013-08-07 16:43:44 -0400},
	Date-Modified = {2013-08-07 16:43:44 -0400},
	Journal = {IEEE Transactions on Software Engineering},
	Number = {2},
	Pages = {251--257},
	Title = {A Rational Design Process: How and Why to Fake it},
	Volume = {12},
	Year = {February 1986}}

@book{IEEESrs:1998,
	Author = {IEEE},
	Date-Added = {2013-08-07 16:25:49 -0400},
	Date-Modified = {2013-08-07 16:25:49 -0400},
	Keywords = {SRS, requirements, specifications, software, system},
	Month = {June},
	Pages = {4--8},
	Publisher = {IEEE},
	Rating = {1},
	Title = {Recommended practice for Software Requirements Specifications},
	Year = {1998},
	Bdsk-File-1 = {YnBsaXN0MDDUAQIDBAUGJCVYJHZlcnNpb25YJG9iamVjdHNZJGFyY2hpdmVyVCR0b3ASAAGGoKgHCBMUFRYaIVUkbnVsbNMJCgsMDxJXTlMua2V5c1pOUy5vYmplY3RzViRjbGFzc6INDoACgAOiEBGABIAFgAdccmVsYXRpdmVQYXRoWWFsaWFzRGF0YV8QJC4uLy4uLy4uL0Rlc2t0b3AvSUVFRVN0ZDgzMC0xOTk4LnBkZtIXCxgZV05TLmRhdGFPEQGIAAAAAAGIAAIAAAUyNTBHQgAAAAAAAAAAAAAAAAAAAAAAAAAAAADH1F+RSCsAAABo0ucTSUVFRVN0ZDgzMC0xOTk4LnBkZgAAAAAAAAAAAAAAAAAAAAAAAAAAAAAAAAAAAAAAAAAAAAAAAAAAAAAAAAAAAL75uM24ZNoAAAAAAAAAAAADAAIAAAkgAAAAAAAAAAAAAAAAAAAAB0Rlc2t0b3AAABAACAAAx9SX0QAAABEACAAAzbidGgAAAAEADABo0ucAaNLcAACS8wACADgyNTBHQjpVc2VyczpuaXJtaXRoYWtvb3Rob29yOkRlc2t0b3A6SUVFRVN0ZDgzMC0xOTk4LnBkZgAOACgAEwBJAEUARQBFAFMAdABkADgAMwAwAC0AMQA5ADkAOAAuAHAAZABmAA8ADAAFADIANQAwAEcAQgASADJVc2Vycy9uaXJtaXRoYWtvb3Rob29yL0Rlc2t0b3AvSUVFRVN0ZDgzMC0xOTk4LnBkZgATAAEvAAAVAAIAF///AACABtIbHB0eWiRjbGFzc25hbWVYJGNsYXNzZXNdTlNNdXRhYmxlRGF0YaMdHyBWTlNEYXRhWE5TT2JqZWN00hscIiNcTlNEaWN0aW9uYXJ5oiIgXxAPTlNLZXllZEFyY2hpdmVy0SYnVHJvb3SAAQAIABEAGgAjAC0AMgA3AEAARgBNAFUAYABnAGoAbABuAHEAcwB1AHcAhACOALUAugDCAk4CUAJVAmACaQJ3AnsCggKLApACnQKgArICtQK6AAAAAAAAAgEAAAAAAAAAKAAAAAAAAAAAAAAAAAAAArw=}}

@techreport{QAstandards:1999,
	Author = {CSA},
	Date-Added = {2013-08-07 15:27:47 -0400},
	Date-Modified = {2013-08-07 15:27:47 -0400},
	Institution = {Canadian Standards Association},
	Month = {March},
	Number = {N286.7-99},
	Title = {Quality assurance of analytical, scientific, and design computer programs for nuclear power plants},
	Year = {1999}}

@article{SegalAndMorris2008,
	Annote = {Some extra information on the citation.

@article{Segal2008IEEE,
	Address = {Los Alamitos, CA, USA},
	Author = {Segal, Judith and Morris, Chris},
	Date-Added = {2011-01-28 14:00:17 -0500},
	Date-Modified = {2011-01-28 14:00:35 -0500},
	Doi = {http://dx.doi.org/10.1109/MS.2008.85},
	Issn = {0740-7459},
	Journal = {IEEE Softw.},
	Number = {4},
	Pages = {18--20},
	Publisher = {IEEE Computer Society Press},
	Title = {Developing Scientific Software},
	Url = {http://cs.ua.edu/\~{}SECSE08/Papers/Segal.pdf},
	Volume = {25},
	Year = {2008},
	Bdsk-Url-1 = {http://cs.ua.edu/%5C~%7B%7DSECSE08/Papers/Segal.pdf},
	Bdsk-Url-2 = {http://dx.doi.org/10.1109/MS.2008.85}}},
	Author = {Judith Segal and Chris Morris},
	Date-Added = {2013-08-06 22:47:55 -0400},
	Date-Modified = {2013-08-06 22:47:55 -0400},
	Journal = {IEEE Software},
	Local-Url = {/Users/smiths/LongTermArchives/Work/Research/References/SciCompAndSoftEng/SegalAndMorris2008.pdf},
	Month = {July/August},
	Number = {4},
	Pages = {18--20},
	Title = {Developing Scientific Software},
	Volume = {25},
	Year = {2008},
	Bdsk-File-1 = {YnBsaXN0MDDUAQIDBAUGJCVYJHZlcnNpb25YJG9iamVjdHNZJGFyY2hpdmVyVCR0b3ASAAGGoKgHCBMUFRYaIVUkbnVsbNMJCgsMDxJXTlMua2V5c1pOUy5vYmplY3RzViRjbGFzc6INDoACgAOiEBGABIAFgAdccmVsYXRpdmVQYXRoWWFsaWFzRGF0YV8QhS4uLy4uLy4uLy4uLy4uL1ZvbHVtZXMvQXJjaGl2ZS9Mb25nVGVybUFyY2hpdmVzTGFzdENoYW5nZU1heTEwXzIwMTIvV29yay9SZXNlYXJjaC9SZWZlcmVuY2VzL1NjaUNvbXBBbmRTb2Z0RW5nL1NlZ2FsQW5kTW9ycmlzMjAwOC5wZGbSFwsYGVdOUy5kYXRhTxECFAAAAAACFAACAAAHQXJjaGl2ZQAAAAAAAAAAAAAAAAAAAAAAAAAAy9IbmEgrAAAAADxgFlNlZ2FsQW5kTW9ycmlzMjAwOC5wZGYAAAAAAAAAAAAAAAAAAAAAAAAAAAAAAAAAAAAAAAAAAAAAAAAAAAAAAAAAPKbGUse1AAAAAAAAAAD/////AAAJAAAAAAAAAAAAAAAAAAAAABFTY2lDb21wQW5kU29mdEVuZwAAEAAIAADL0lPYAAAAEQAIAADGUv/1AAAAAQAUAAA8YAAAOOsAADXTAAAdogAAAD4AAgBpQXJjaGl2ZTpMb25nVGVybUFyY2hpdmVzTGFzdENoYW5nZU1hIzNFOldvcms6UmVzZWFyY2g6UmVmZXJlbmNlczpTY2lDb21wQW5kU29mdEVuZzpTZWdhbEFuZE1vcnJpczIwMDgucGRmAAAOAC4AFgBTAGUAZwBhAGwAQQBuAGQATQBvAHIAcgBpAHMAMgAwADAAOAAuAHAAZABmAA8AEAAHAEEAcgBjAGgAaQB2AGUAEgBnL0xvbmdUZXJtQXJjaGl2ZXNMYXN0Q2hhbmdlTWF5MTBfMjAxMi9Xb3JrL1Jlc2VhcmNoL1JlZmVyZW5jZXMvU2NpQ29tcEFuZFNvZnRFbmcvU2VnYWxBbmRNb3JyaXMyMDA4LnBkZgAAEwAQL1ZvbHVtZXMvQXJjaGl2Zf//AACABtIbHB0eWiRjbGFzc25hbWVYJGNsYXNzZXNdTlNNdXRhYmxlRGF0YaMdHyBWTlNEYXRhWE5TT2JqZWN00hscIiNcTlNEaWN0aW9uYXJ5oiIgXxAPTlNLZXllZEFyY2hpdmVy0SYnVHJvb3SAAQAIABEAGgAjAC0AMgA3AEAARgBNAFUAYABnAGoAbABuAHEAcwB1AHcAhACOARYBGwEjAzsDPQNCA00DVgNkA2gDbwN4A30DigONA58DogOnAAAAAAAAAgEAAAAAAAAAKAAAAAAAAAAAAAAAAAAAA6k=}}

@article{Hatcliff2009,
	Abstract = {In August of 2007 and December of 2007, North American academic researchers,
	industry representatives and regulators were invited to meetings
	in Washington and Minneapolis, respectively, with the goal of forming
	a Software Certification Consortium (SCC). At the first meeting,
	objectives were established for the consortium and a certification
	grand challenge was issued. At the second meeting, all participants
	were asked to complete the statement: ``Software certification is
	hard because . . .''. The group then synthesized the results into
	a ``Top 9'' list by means of discussion and voting. In this article,
	we describe the goals that we believe should be the goals of SCC,
	via details of these Top 9 hurdles that are preventing us from making
	software certification part of the mainstream},
	Author = {Hatcliff, John and Heimdahl, Mats and Lawford, Mark and Maibaum, Tom and Wassyng, Alan and Wurden, Fred},
	Date-Added = {2013-08-06 22:39:41 -0400},
	Date-Modified = {2013-08-06 22:39:41 -0400},
	Doi = {10.1016/j.entcs.2009.09.002},
	File = {:Users/gonzalo/McSCert/scc/ref/McSCert/A Software Certification Consortium and its Top 9 Hurdles (safecert08).pdf:pdf},
	Issn = {1571-0661},
	Journal = {Electronic Notes in Theoretical Computer Science},
	Keywords = {formal methods,objectives,projects,scc,software certification consortium},
	Number = {4},
	Pages = {11--17},
	Publisher = {Elsevier},
	Title = {{A Software Certification Consortium and its Top 9 Hurdles}},
	Url = {http://linkinghub.elsevier.com/retrieve/pii/S1571066109003570},
	Volume = {238},
	Year = {2009},
	Bdsk-Url-1 = {http://linkinghub.elsevier.com/retrieve/pii/S1571066109003570},
	Bdsk-Url-2 = {http://dx.doi.org/10.1016/j.entcs.2009.09.002}}

@inproceedings{Segal2007_Dagsthul,
	Author = {Judith Segal},
	Booktitle = {Dagstuhl Seminar Proceedings 07081, End-User Software Engineering},
	Date-Added = {2013-08-03 20:48:22 -0400},
	Date-Modified = {2013-08-03 20:48:22 -0400},
	Local-Url = {/Users/smiths/LongTermArchives/Work/Research/References/SciCompAndSoftEng/Segal2007_Dagstuhl.pdf},
	Title = {End-User Software Engineering and Professional End-User Developers},
	Url = {http://drops.dagstuhl.de/opus/volltexte/2007/1095},
	Year = {2007},
	Bdsk-File-1 = {YnBsaXN0MDDUAQIDBAUGJCVYJHZlcnNpb25YJG9iamVjdHNZJGFyY2hpdmVyVCR0b3ASAAGGoKgHCBMUFRYaIVUkbnVsbNMJCgsMDxJXTlMua2V5c1pOUy5vYmplY3RzViRjbGFzc6INDoACgAOiEBGABIAFgAdccmVsYXRpdmVQYXRoWWFsaWFzRGF0YV8QXi4uLy4uLy4uLy4uL0xvbmdUZXJtQXJjaGl2ZXMvV29yay9SZXNlYXJjaC9SZWZlcmVuY2VzL1NjaUNvbXBBbmRTb2Z0RW5nL1NlZ2FsMjAwN19EYWdzdHVobC5wZGbSFwsYGVdOUy5kYXRhTxECGAAAAAACGAACAAAMTWFjaW50b3NoIEhEAAAAAAAAAAAAAAAAAAAAxsVhAEgrAAAAEqeSFlNlZ2FsMjAwN19EYWdzdHVobC5wZGYAAAAAAAAAAAAAAAAAAAAAAAAAAAAAAAAAAAAAAAAAAAAAAAAAAAAAAAAStFPITnRCUERGIENBUk8ABAAGAAAJIAAAAAAAAAAAAAAAAAAAABFTY2lDb21wQW5kU29mdEVuZwAAEAAIAADGxZlAAAAAEQAIAADITqyCAAAAAQAcABKnkgASojYAEqDKABKgqQASoKUACFn3AAB8YwACAGxNYWNpbnRvc2ggSEQ6VXNlcnM6c21pdGhzOkxvbmdUZXJtQXJjaGl2ZXM6V29yazpSZXNlYXJjaDpSZWZlcmVuY2VzOlNjaUNvbXBBbmRTb2Z0RW5nOlNlZ2FsMjAwN19EYWdzdHVobC5wZGYADgAuABYAUwBlAGcAYQBsADIAMAAwADcAXwBEAGEAZwBzAHQAdQBoAGwALgBwAGQAZgAPABoADABNAGEAYwBpAG4AdABvAHMAaAAgAEgARAASAF9Vc2Vycy9zbWl0aHMvTG9uZ1Rlcm1BcmNoaXZlcy9Xb3JrL1Jlc2VhcmNoL1JlZmVyZW5jZXMvU2NpQ29tcEFuZFNvZnRFbmcvU2VnYWwyMDA3X0RhZ3N0dWhsLnBkZgAAEwABLwAAFQACAA3//wAAgAbSGxwdHlokY2xhc3NuYW1lWCRjbGFzc2VzXU5TTXV0YWJsZURhdGGjHR8gVk5TRGF0YVhOU09iamVjdNIbHCIjXE5TRGljdGlvbmFyeaIiIF8QD05TS2V5ZWRBcmNoaXZlctEmJ1Ryb290gAEACAARABoAIwAtADIANwBAAEYATQBVAGAAZwBqAGwAbgBxAHMAdQB3AIQAjgDvAPQA/AMYAxoDHwMqAzMDQQNFA0wDVQNaA2cDagN8A38DhAAAAAAAAAIBAAAAAAAAACgAAAAAAAAAAAAAAAAAAAOG},
	Bdsk-Url-1 = {http://drops.dagstuhl.de/opus/volltexte/2007/1095}}

@misc{LPweb,
	Date-Added = {2013-08-03 18:42:10 -0400},
	Date-Modified = {2013-08-03 18:42:10 -0400},
	Howpublished = {\url{http://www.literateprogramming.com}},
	Key = {Literate Programming Web Site},
	Title = {Literate Programming Web Site}}
