@misc{GitRepo,
	Author = {Jacques Carette, Spencer Smith and Dan Szymczak},
	Title = {{J}acques{C}arette/{D}rasil: {G}enerate all the things (focusing on scientific software)},
	howpublished = {\url{https://github.com/JacquesCarette/Drasil}},
	note = {Accessed: 2019-07-07}
}

@misc{Lenses,
  Author = {Edward Kmett},
  Title = {ekmett/lens: {L}enses, {F}olds, and {T}raversals - {J}oin us on freenode \#haskell-lens},
  howpublished = {\url{https://github.com/ekmett/lens}},
  note = {Accessed: 2019-08-22}
}

@misc{Haskell,
	Author = {The Haskell Community},
	Title = {{H}askell {L}anguage},
	howpublished = {\url{https://www.haskell.org}},
	note = {Accessed: 2019-07-08}
}

@inproceedings{SzymczakEtAl2016,
author = {Szymczak, Dan and Smith, Spencer and Carette, Jacques},
year = {2016},
month = {05},
pages = {23-26},
title = {A knowledge-based approach to scientific software development: position paper},
doi = {10.1145/2897676.2897680}
}

@article{parnas1986rational,
  title={A rational design process: How and why to fake it},
  author={Parnas, David Lorge and Clements, Paul C},
  journal={IEEE transactions on software engineering},
  number={2},
  pages={251--257},
  year={1986},
  publisher={IEEE}
}

@inproceedings{smith2005new,
  title={A new requirements template for scientific computing},
  author={Smith, W Spencer and Lai, Lei},
  organization={Citeseer},
  year={2005}
}

@INPROCEEDINGS{Hughes95thedesign,
    author = {John Hughes},
    title = {The Design of a Pretty-printing Library},
    booktitle = {Advanced Functional Programming},
    year = {1995},
    pages = {53--96},
    publisher = {Springer Verlag}
}

@article{multiplate,
  author    = {Russell O'Connor},
  title     = {Functor is to Lens as Applicative is to Biplate: Introducing Multiplate},
  journal   = {CoRR},
  volume    = {abs/1103.2841},
  year      = {2011},
  url       = {http://arxiv.org/abs/1103.2841},
  archivePrefix = {arXiv},
  eprint    = {1103.2841},
  timestamp = {Mon, 13 Aug 2018 16:47:49 +0200},
  biburl    = {https://dblp.org/rec/bib/journals/corr/abs-1103-2841},
  bibsource = {dblp computer science bibliography, https://dblp.org}
}

@book{CXX11,
  added-at = {2012-10-08T01:13:47.000+0200},
  address = {Geneva, Switzerland},
  author = {{ISO}},
  bibdate = {Mon Dec 19 11:12:12 2011},
  bibsource = {http://www.math.utah.edu/pub/tex/bib/isostd.bib},
  biburl = {https://www.bibsonomy.org/bibtex/24b660c16d9a5ab0ad595b1555402c797/gron},
  day = 28,
  interhash = {ff5df6d7fa67f89d7d5ea964dab3e3c9},
  intrahash = {4b660c16d9a5ab0ad595b1555402c797},
  keywords = {C++ Specification Standard},
  month = feb,
  pages = {1338 (est.)},
  publisher = {International Organization for Standardization},
  remark = {Revises ISO/IEC 14882:2003.},
  timestamp = {2012-10-08T01:13:47.000+0200},
  title = {{ISO/IEC 14882:2011 Information technology --- Programming languages --- C++}},
  url = {http://www.iso.org/iso/iso_catalogue/catalogue_tc/catalogue_detail.htm?csnumber=50372},
  year = 2012
}

@misc{Roslyn,
author = {Mono {P}roject},
title = {Mono 5.0.0 Release Notes | Mono},
howpublished = {\url{https://www.mono-project.com/docs/about-mono/releases/5.0.0/\#csc}},
note = {Accessed: 2019-08-30}
}

@misc{RestAPI,
  Author = {Git{H}ub {I}nc.},
  Title = {{I}ssue {L}abels | {G}it{H}ub {D}eveloper {G}uide},
  howpublished = {\url{https://developer.github.com/v3/issues/labels/}},
  note = {Accessed: 2019-08-31}
}

@misc{GraphQLAPI,
  Author = {Git{H}ub {I}nc.},
  Title = {{G}it{H}ub {G}raph{Q}{L} {A}{P}{I} v4 | {G}it{H}ub {D}eveloper {G}uide},
  howpublished = {\url{https://developer.github.com/v4/}},
  note = {Accessed: 2019-08-31}
}
