@inproceedings{mitchell:rattle_18_nov_2020
    ,title          = {Build Scripts with Perfect Dependencies}
    ,author         = {Sarah Spall and Neil Mitchell and Sam Tobin-Hochstadt}
    ,year           = {2020}
    ,month          = {November}
    ,day            = {18}
    ,booktitle      = {Proceedings of the ACM Programming Languages 4, OOPSLA}
    ,articleno      = {169}
    ,pages          = {28}
    ,doi            = {https://doi.org/10.1145/3428237}
    ,url            = {https://ndmitchell.com/downloads/paper-build_scripts_with_perfect_dependencies-18_nov_2020.pdf}
}
