%% This BibTeX bibliography file was created using BibDesk.
%% https://bibdesk.sourceforge.io/

%% Created for Spencer Smith at 2021-11-03 23:18:16 -0400 


%% Saved with string encoding Unicode (UTF-8) 



@misc{SmithAndCarette2020arXiv,
	archiveprefix = {arXiv},
	author = {Spencer Smith and Jacques Carette},
	date-added = {2021-11-03 23:18:08 -0400},
	date-modified = {2021-11-03 23:18:08 -0400},
	eprint = {2009.14015},
	howpublished = {\url{https://arxiv.org/abs/2009.14015}},
	primaryclass = {cs.SE},
	title = {Long-term Productivity for Long-term Impact, arXiv report},
	year = {2020},
	bdsk-url-1 = {https://arxiv.org/pdf/2009.14015.pdf}}

@article{HeatonAndCarver2015,
	acmid = {2829726},
	address = {Newton, MA, USA},
	author = {Heaton, Dustin and Carver, Jeffrey C.},
	date-added = {2021-11-03 23:16:23 -0400},
	date-modified = {2021-11-03 23:16:23 -0400},
	doi = {10.1016/j.infsof.2015.07.011},
	issn = {0950-5849},
	issue_date = {November 2015},
	journal = {Inf. Softw. Technol.},
	keywords = {Computational science, Scientific software, Systematic literature review},
	month = nov,
	number = {C},
	numpages = {13},
	pages = {207--219},
	publisher = {Butterworth-Heinemann},
	title = {Claims About the Use of Software Engineering Practices in Science},
	url = {http://dx.doi.org/10.1016/j.infsof.2015.07.011},
	volume = {67},
	year = {2015},
	bdsk-file-1 = {YnBsaXN0MDDSAQIDBFxyZWxhdGl2ZVBhdGhZYWxpYXNEYXRhXxA8Li4vLi4vLi4vLi4vV29yay9SZXNlYXJjaC9SZWZlcmVuY2VzL0hlYXRvbkFuZENhcnZlcjIwMTUucGRmTxEBjAAAAAABjAACAAAMTWFjaW50b3NoIEhEAAAAAAAAAAAAAAAAAAAAAAAAAEJEAAH/////F0hlYXRvbkFuZENhcnZlcjIwMTUucGRmAAAAAAAAAAAAAAAAAAAAAAAAAAAAAAAAAAAAAAAAAAAAAAAAAAAAAP////8AAAAAAAAAAAAAAAAABAAEAAAKIGN1AAAAAAAAAAAAAAAAAApSZWZlcmVuY2VzAAIAPy86VXNlcnM6c21pdGhzOldvcms6UmVzZWFyY2g6UmVmZXJlbmNlczpIZWF0b25BbmRDYXJ2ZXIyMDE1LnBkZgAADgAwABcASABlAGEAdABvAG4AQQBuAGQAQwBhAHIAdgBlAHIAMgAwADEANQAuAHAAZABmAA8AGgAMAE0AYQBjAGkAbgB0AG8AcwBoACAASABEABIAPVVzZXJzL3NtaXRocy9Xb3JrL1Jlc2VhcmNoL1JlZmVyZW5jZXMvSGVhdG9uQW5kQ2FydmVyMjAxNS5wZGYAABMAAS8AABUAAgAN//8AAAAIAA0AGgAkAGMAAAAAAAACAQAAAAAAAAAFAAAAAAAAAAAAAAAAAAAB8w==},
	bdsk-url-1 = {http://dx.doi.org/10.1016/j.infsof.2015.07.011}}
