%% This BibTeX bibliography file was created using BibDesk.
%% http://bibdesk.sourceforge.net/


%% Created for Spencer Smith at 2014-09-26 15:51:26 -0400 


%% Saved with string encoding Unicode (UTF-8) 



@book{Malvern1969,
	Author = {L. E. Malvern},
	Date-Added = {2014-09-26 17:25:49 +0000},
	Date-Modified = {2014-09-26 17:25:49 +0000},
	Publisher = {Prentice Hall},
	Title = {Introduction to the Mechanics of Continuous Medium},
	Year = {1969}}

@url{CHRH2002b,
	Author = {CDRH},
	Date-Added = {2014-09-18 18:52:56 +0000},
	Date-Modified = {2014-09-18 18:54:08 +0000},
	Lastchecked = {September 2014},
	Title = {General Principles of Software Validation; Final Guidance for Industry and {FDA} Staff},
	Urldate = {2002}}

@electronic{CDRH2002b,
	Date-Added = {2014-09-18 18:51:59 +0000},
	Date-Modified = {2014-09-18 18:52:48 +0000},
	Lastchecked = {September 2014},
	Url = {http://www.fda.gov/medicaldevices/deviceregulationandguidance/guidancedocuments/ucm085281.htm},
	Year = {2002},
	Bdsk-Url-1 = {http://www.fda.gov/medicaldevices/deviceregulationandguidance/guidancedocuments/ucm085281.htm}}

@incollection{Dijkstra1972,
	Acmid = {1243381},
	Address = {London, UK, UK},
	Author = {Dijkstra, Edsger W.},
	Booktitle = {Structure Programming},
	Date-Added = {2014-09-18 14:23:36 +0000},
	Date-Modified = {2014-09-18 18:56:52 +0000},
	Editor = {Dahl, O. J. and Dijkstra, E. W. and Hoare, C. A. R.},
	Isbn = {0-12-200550-3},
	Numpages = {82},
	Pages = {1--82},
	Publisher = {Academic Press Ltd.},
	Title = {Notes on Structured Programming},
	Url = {http://dl.acm.org/citation.cfm?id=1243380.1243381},
	Year = {1972},
	Bdsk-File-1 = {YnBsaXN0MDDUAQIDBAUGJCVYJHZlcnNpb25YJG9iamVjdHNZJGFyY2hpdmVyVCR0b3ASAAGGoKgHCBMUFRYaIVUkbnVsbNMJCgsMDxJXTlMua2V5c1pOUy5vYmplY3RzViRjbGFzc6INDoACgAOiEBGABIAFgAdccmVsYXRpdmVQYXRoWWFsaWFzRGF0YV8QMC4uLy4uLy4uL1dvcmsvUmVzZWFyY2gvUmVmZXJlbmNlcy9jYi1zcC1kYWhsLnBkZtIXCxgZV05TLmRhdGFPEQGmAAAAAAGmAAIAAAxNYWNpbnRvc2ggSEQAAAAAAAAAAAAAAAAAAADOl3ODSCsAAAAXAgwOY2Itc3AtZGFobC5wZGYAAAAAAAAAAAAAAAAAAAAAAAAAAAAAAAAAAAAAAAAAAAAAAAAAAAAAAAAAAAAAAAAAAtvS2NBAYEQAAAAAAAAAAAADAAQAAAkgAAAAAAAAAAAAAAAAAAAAClJlZmVyZW5jZXMAEAAIAADOl6vDAAAAEQAIAADQQJiEAAAAAQAUABcCDAAXAE0AFv3tAAj3ZgACZI4AAgBGTWFjaW50b3NoIEhEOlVzZXJzOgBzbWl0aHM6AFdvcms6AFJlc2VhcmNoOgBSZWZlcmVuY2VzOgBjYi1zcC1kYWhsLnBkZgAOAB4ADgBjAGIALQBzAHAALQBkAGEAaABsAC4AcABkAGYADwAaAAwATQBhAGMAaQBuAHQAbwBzAGgAIABIAEQAEgA0VXNlcnMvc21pdGhzL1dvcmsvUmVzZWFyY2gvUmVmZXJlbmNlcy9jYi1zcC1kYWhsLnBkZgATAAEvAAAVAAIADf//AACABtIbHB0eWiRjbGFzc25hbWVYJGNsYXNzZXNdTlNNdXRhYmxlRGF0YaMdHyBWTlNEYXRhWE5TT2JqZWN00hscIiNcTlNEaWN0aW9uYXJ5oiIgXxAPTlNLZXllZEFyY2hpdmVy0SYnVHJvb3SAAQAIABEAGgAjAC0AMgA3AEAARgBNAFUAYABnAGoAbABuAHEAcwB1AHcAhACOAMEAxgDOAngCegJ/AooCkwKhAqUCrAK1AroCxwLKAtwC3wLkAAAAAAAAAgEAAAAAAAAAKAAAAAAAAAAAAAAAAAAAAuY=},
	Bdsk-Url-1 = {http://dl.acm.org/citation.cfm?id=1243380.1243381}}

@article{SmithAndYu2009,
	Author = {W. Spencer Smith and Wen Yu},
	Date-Added = {2014-09-16 02:55:28 +0000},
	Date-Modified = {2014-09-16 02:55:28 +0000},
	Doi = {http://dx.doi.org/10.1016/j.advengsoft.2009.05.003},
	Journal = {Advances in Engineering Software},
	Local-Url = {/Users/smiths/Work/Research/Papers/SmithAndYu2008_AdvEngSoft/SmithAndYu2008_ResubmissionToAdvEngSoft.pdf},
	Month = {November},
	Number = {11},
	Pages = {1155--1167},
	Title = {A Document Driven Methodology for Improving the Quality of a Parallel Mesh Generation Toolbox},
	Volume = {40},
	Year = {2009},
	Bdsk-File-1 = {YnBsaXN0MDDUAQIDBAUGJCVYJHZlcnNpb25YJG9iamVjdHNZJGFyY2hpdmVyVCR0b3ASAAGGoKgHCBMUFRYaIVUkbnVsbNMJCgsMDxJXTlMua2V5c1pOUy5vYmplY3RzViRjbGFzc6INDoACgAOiEBGABIAFgAdccmVsYXRpdmVQYXRoWWFsaWFzRGF0YV8QRC4uLy4uLy4uL1dvcmsvUmVzZWFyY2gvUGFwZXJzL1NtaXRoQW5kWXUyMDA5X0FkdkVuZ1NvZnQvQURFUzE0MzUucGRm0hcLGBlXTlMuZGF0YU8RAeAAAAAAAeAAAgAADE1hY2ludG9zaCBIRAAAAAAAAAAAAAAAAAAAAM6Xc4NIKwAAABcLdQxBREVTMTQzNS5wZGYAAAAAAAAAAAAAAAAAAAAAAAAAAAAAAAAAAAAAAAAAAAAAAAAAAAAAAAAAAAAAAAAAAAAAF4ekzyLhIgAAAAAAAAAAAAMABQAACSAAAAAAAAAAAAAAAAAAAAAZU21pdGhBbmRZdTIwMDlfQWR2RW5nU29mdAAAEAAIAADOl6vDAAAAEQAIAADPIydyAAAAAQAYABcLdQAXAgsAFwBNABb97QAI92YAAmSOAAIAW01hY2ludG9zaCBIRDpVc2VyczoAc21pdGhzOgBXb3JrOgBSZXNlYXJjaDoAUGFwZXJzOgBTbWl0aEFuZFl1MjAwOV9BZHZFbmdTb2Z0OgBBREVTMTQzNS5wZGYAAA4AGgAMAEEARABFAFMAMQA0ADMANQAuAHAAZABmAA8AGgAMAE0AYQBjAGkAbgB0AG8AcwBoACAASABEABIASFVzZXJzL3NtaXRocy9Xb3JrL1Jlc2VhcmNoL1BhcGVycy9TbWl0aEFuZFl1MjAwOV9BZHZFbmdTb2Z0L0FERVMxNDM1LnBkZgATAAEvAAAVAAIADf//AACABtIbHB0eWiRjbGFzc25hbWVYJGNsYXNzZXNdTlNNdXRhYmxlRGF0YaMdHyBWTlNEYXRhWE5TT2JqZWN00hscIiNcTlNEaWN0aW9uYXJ5oiIgXxAPTlNLZXllZEFyY2hpdmVy0SYnVHJvb3SAAQAIABEAGgAjAC0AMgA3AEAARgBNAFUAYABnAGoAbABuAHEAcwB1AHcAhACOANUA2gDiAsYCyALNAtgC4QLvAvMC+gMDAwgDFQMYAyoDLQMyAAAAAAAAAgEAAAAAAAAAKAAAAAAAAAAAAAAAAAAAAzQ=},
	Bdsk-Url-1 = {http://dx.doi.org/10.1016/j.advengsoft.2009.05.003}}

@article{Parnas1972a,
	Author = {David L. Parnas},
	Date-Added = {2014-09-16 02:49:28 +0000},
	Date-Modified = {2014-09-16 02:49:28 +0000},
	Journal = {Comm. ACM, vol. 15, no. 2, pp. 1053-1058},
	Title = {On the Criteria To Be Used in Decomposing Systems into Modules},
	Year = {December 1972}}

@book{SommervilleAndSawyer1997,
	Author = {I. Sommerville and P. Sawyer},
	Date-Added = {2014-09-11 13:19:02 +0000},
	Date-Modified = {2014-09-11 13:19:02 +0000},
	Note = {ISBN 0-471-97444-7},
	Publisher = {John Wiley \& Sons Ltd.},
	Title = {Requirement Engineering: A Good Practice Guide},
	Year = {1997}}

@article{SchulteEtAl2012,
	Accepted = {2011-10-03},
	Author = {Eric Schulte and Dan Davison and Thomas Dye and Carsten Dominik},
	Bibdate = {2011-10-03},
	Coden = {JSSOBK},
	Date-Added = {2014-09-09 14:28:01 +0000},
	Date-Modified = {2014-09-09 14:28:01 +0000},
	Day = {25},
	Issn = {1548-7660},
	Journal = {Journal of Statistical Software},
	Month = {1},
	Number = {3},
	Pages = {1--24},
	Submitted = {2010-12-22},
	Title = {A Multi-Language Computing Environment for Literate Programming and Reproducible Research},
	Url = {http://www.jstatsoft.org/v46/i03},
	Volume = {46},
	Year = {2012},
	Bdsk-File-1 = {YnBsaXN0MDDUAQIDBAUGJCVYJHZlcnNpb25YJG9iamVjdHNZJGFyY2hpdmVyVCR0b3ASAAGGoKgHCBMUFRYaIVUkbnVsbNMJCgsMDxJXTlMua2V5c1pOUy5vYmplY3RzViRjbGFzc6INDoACgAOiEBGABIAFgAdccmVsYXRpdmVQYXRoWWFsaWFzRGF0YV8QNS4uLy4uLy4uL1dvcmsvUmVzZWFyY2gvUmVmZXJlbmNlcy9TY2h1bHRlRXRBbDIwMTIucGRm0hcLGBlXTlMuZGF0YU8RAbwAAAAAAbwAAgAADE1hY2ludG9zaCBIRAAAAAAAAAAAAAAAAAAAAM6Xc4NIKwAAABcCDBNTY2h1bHRlRXRBbDIwMTIucGRmAAAAAAAAAAAAAAAAAAAAAAAAAAAAAAAAAAAAAAAAAAAAAAAAAAAAAAAAAAACschh0C42cgAAAAAAAAAAAAMABAAACSAAAAAAAAAAAAAAAAAAAAAKUmVmZXJlbmNlcwAQAAgAAM6Xq8MAAAARAAgAANAubrIAAAABABQAFwIMABcATQAW/e0ACPdmAAJkjgACAEtNYWNpbnRvc2ggSEQ6VXNlcnM6AHNtaXRoczoAV29yazoAUmVzZWFyY2g6AFJlZmVyZW5jZXM6AFNjaHVsdGVFdEFsMjAxMi5wZGYAAA4AKAATAFMAYwBoAHUAbAB0AGUARQB0AEEAbAAyADAAMQAyAC4AcABkAGYADwAaAAwATQBhAGMAaQBuAHQAbwBzAGgAIABIAEQAEgA5VXNlcnMvc21pdGhzL1dvcmsvUmVzZWFyY2gvUmVmZXJlbmNlcy9TY2h1bHRlRXRBbDIwMTIucGRmAAATAAEvAAAVAAIADf//AACABtIbHB0eWiRjbGFzc25hbWVYJGNsYXNzZXNdTlNNdXRhYmxlRGF0YaMdHyBWTlNEYXRhWE5TT2JqZWN00hscIiNcTlNEaWN0aW9uYXJ5oiIgXxAPTlNLZXllZEFyY2hpdmVy0SYnVHJvb3SAAQAIABEAGgAjAC0AMgA3AEAARgBNAFUAYABnAGoAbABuAHEAcwB1AHcAhACOAMYAywDTApMClQKaAqUCrgK8AsACxwLQAtUC4gLlAvcC+gL/AAAAAAAAAgEAAAAAAAAAKAAAAAAAAAAAAAAAAAAAAwE=},
	Bdsk-Url-1 = {https://www.youtube.com/watch?v=4QAYpSZDTXM},
	Bdsk-Url-2 = {http://www.jstatsoft.org/v46/i03}}

@inproceedings{SmithAndLai2005,
	Address = {Paris, France},
	Author = {W. Spencer Smith and Lei Lai},
	Booktitle = {Proceedings of the First International Workshop on Situational Requirements Engineering Processes -- Methods, Techniques and Tools to Support Situation-Specific Requirements Engineering Processes, SREP'05},
	Date-Added = {2014-09-08 19:20:43 +0000},
	Date-Modified = {2014-09-08 19:20:43 +0000},
	Editor = {J. Ralyt\'{e} and P. \.{A}gerfalk and N. Kraiem},
	Local-Url = {file://localhost/Users/smiths/Work/Research/Papers/SREP05/SREP05_ReformatAndRevise/SmithAndLai_2005.pdf},
	Organization = {In conjunction with 13th IEEE International Requirements Engineering Conference},
	Pages = {107--121},
	Title = {A New Requirements Template for Scientific Computing},
	Year = {2005},
	Bdsk-File-1 = {YnBsaXN0MDDUAQIDBAUGJCVYJHZlcnNpb25YJG9iamVjdHNZJGFyY2hpdmVyVCR0b3ASAAGGoKgHCBMUFRYaIVUkbnVsbNMJCgsMDxJXTlMua2V5c1pOUy5vYmplY3RzViRjbGFzc6INDoACgAOiEBGABIAFgAdccmVsYXRpdmVQYXRoWWFsaWFzRGF0YV8QUi4uLy4uLy4uL1dvcmsvUmVzZWFyY2gvUGFwZXJzL1NSRVAwNS9TUkVQMDVfUmVmb3JtYXRBbmRSZXZpc2UvU21pdGhBbmRMYWlfMjAwNS5wZGbSFwsYGVdOUy5kYXRhTxECDgAAAAACDgACAAAMTWFjaW50b3NoIEhEAAAAAAAAAAAAAAAAAAAAzpdzg0grAAAAF0DvFFNtaXRoQW5kTGFpXzIwMDUucGRmAAAAAAAAAAAAAAAAAAAAAAAAAAAAAAAAAAAAAAAAAAAAAAAAAAAAAAAAAAAXntPPIuJUAAAAAAAAAAAAAwAGAAAJIAAAAAAAAAAAAAAAAAAAABhTUkVQMDVfUmVmb3JtYXRBbmRSZXZpc2UAEAAIAADOl6vDAAAAEQAIAADPIyikAAAAAQAcABdA7wAXC3oAFwILABcATQAW/e0ACPdmAAJkjgACAGpNYWNpbnRvc2ggSEQ6VXNlcnM6AHNtaXRoczoAV29yazoAUmVzZWFyY2g6AFBhcGVyczoAU1JFUDA1OgBTUkVQMDVfUmVmb3JtYXRBbmRSZXZpc2U6AFNtaXRoQW5kTGFpXzIwMDUucGRmAA4AKgAUAFMAbQBpAHQAaABBAG4AZABMAGEAaQBfADIAMAAwADUALgBwAGQAZgAPABoADABNAGEAYwBpAG4AdABvAHMAaAAgAEgARAASAFZVc2Vycy9zbWl0aHMvV29yay9SZXNlYXJjaC9QYXBlcnMvU1JFUDA1L1NSRVAwNV9SZWZvcm1hdEFuZFJldmlzZS9TbWl0aEFuZExhaV8yMDA1LnBkZgATAAEvAAAVAAIADf//AACABtIbHB0eWiRjbGFzc25hbWVYJGNsYXNzZXNdTlNNdXRhYmxlRGF0YaMdHyBWTlNEYXRhWE5TT2JqZWN00hscIiNcTlNEaWN0aW9uYXJ5oiIgXxAPTlNLZXllZEFyY2hpdmVy0SYnVHJvb3SAAQAIABEAGgAjAC0AMgA3AEAARgBNAFUAYABnAGoAbABuAHEAcwB1AHcAhACOAOMA6ADwAwIDBAMJAxQDHQMrAy8DNgM/A0QDUQNUA2YDaQNuAAAAAAAAAgEAAAAAAAAAKAAAAAAAAAAAAAAAAAAAA3A=}}

@book{VanVliet2000,
	Address = {New York, NY, USA},
	Author = {Hans van Vliet},
	Date-Added = {2014-09-08 15:04:57 +0000},
	Date-Modified = {2014-09-08 15:04:57 +0000},
	Isbn = {0-471-97508-7},
	Publisher = {John Wiley \& Sons, Inc.},
	Title = {Software Engineering (2nd ed.): Principles and Practice},
	Year = {2000}}

@inproceedings{SmithEtAl2013,
	Author = {W. Spencer Smith and Nirmitha Koothoor and Nedialko Nedialkov},
	Booktitle = {Proceedings of the First International Workshop on Software Engineering for High Performance Computing in Computational Science and Engineering (SE-HPCCE)},
	Date-Added = {2014-09-05 17:40:58 +0000},
	Date-Modified = {2014-09-05 17:40:58 +0000},
	Month = {November},
	Pages = {[8 p.]},
	Title = {Document Driven Certification of Computational Science and Engineering Software},
	Year = {2013},
	Bdsk-File-1 = {YnBsaXN0MDDUAQIDBAUGJCVYJHZlcnNpb25YJG9iamVjdHNZJGFyY2hpdmVyVCR0b3ASAAGGoKgHCBMUFRYaIVUkbnVsbNMJCgsMDxJXTlMua2V5c1pOUy5vYmplY3RzViRjbGFzc6INDoACgAOiEBGABIAFgAdccmVsYXRpdmVQYXRoWWFsaWFzRGF0YV8QVC4uL1NtaXRoS29vdGhvb3JBbmROZWRpYWxrb3ZfU0hQQ0NTRV8yMDEzL1NtaXRoS29vdGhvbkFuZE5lZGlhbGtvdl9TRUhQQ0NTRV8yMDEzLnBkZtIXCxgZV05TLmRhdGFPEQJKAAAAAAJKAAIAAAxNYWNpbnRvc2ggSEQAAAAAAAAAAAAAAAAAAADOl3ODSCsAAAAt3WwfU21pdGhLb290aG9uQW5kTmVkaWEjMkRERDhGLnBkZgAAAAAAAAAAAAAAAAAAAAAAAAAAAAAAAAAAAAAAAAAAAC3dj88qYZsAAAAAAAAAAAABAAIAAAkgAAAAAAAAAAAAAAAAAAAAH1NtaXRoS29vdGhvb3JBbmROZWRpYWxrbyMyRERENkMAABAACAAAzperwwAAABEACAAAzyqn6wAAAAEAFAAt3WwALdnhABIVpwAI92YAAmSOAAIAaE1hY2ludG9zaCBIRDpVc2VyczoAc21pdGhzOgBSZXBvczoAc2NjOgBTbWl0aEtvb3Rob29yQW5kTmVkaWFsa28jMkRERDZDOgBTbWl0aEtvb3Rob25BbmROZWRpYSMyREREOEYucGRmAA4AVgAqAFMAbQBpAHQAaABLAG8AbwB0AGgAbwBuAEEAbgBkAE4AZQBkAGkAYQBsAGsAbwB2AF8AUwBFAEgAUABDAEMAUwBFAF8AMgAwADEAMwAuAHAAZABmAA8AGgAMAE0AYQBjAGkAbgB0AG8AcwBoACAASABEABIAaFVzZXJzL3NtaXRocy9SZXBvcy9zY2MvU21pdGhLb290aG9vckFuZE5lZGlhbGtvdl9TSFBDQ1NFXzIwMTMvU21pdGhLb290aG9uQW5kTmVkaWFsa292X1NFSFBDQ1NFXzIwMTMucGRmABMAAS8AABUAAgAN//8AAIAG0hscHR5aJGNsYXNzbmFtZVgkY2xhc3Nlc11OU011dGFibGVEYXRhox0fIFZOU0RhdGFYTlNPYmplY3TSGxwiI1xOU0RpY3Rpb25hcnmiIiBfEA9OU0tleWVkQXJjaGl2ZXLRJidUcm9vdIABAAgAEQAaACMALQAyADcAQABGAE0AVQBgAGcAagBsAG4AcQBzAHUAdwCEAI4A5QDqAPIDQANCA0cDUgNbA2kDbQN0A30DggOPA5IDpAOnA6wAAAAAAAACAQAAAAAAAAAoAAAAAAAAAAAAAAAAAAADrg==}}

@article{Segal2005,
	Author = {Segal, Judith},
	Citeulike-Article-Id = {342252},
	Date-Added = {2014-09-05 14:48:45 +0000},
	Date-Modified = {2014-09-05 14:48:45 +0000},
	Doi = {10.1007/s10664-005-3865-y},
	Issn = {1382-3256},
	Journal = {Empirical Software Engineering},
	Keywords = {components, enginner, experiment, research, science},
	Local-Url = {file://localhost/Users/smiths/LongTermArchives/Work/Research/References/SciCompAndSoftEng/Segal2005.pdf},
	Month = {October},
	Number = {4},
	Pages = {517--536},
	Posted-At = {2006-08-11 01:21:33},
	Priority = {4},
	Publisher = {Kluwer Academic Publishers},
	Title = {When Software Engineers Met Research Scientists: A Case Study},
	Url = {http://dx.doi.org/10.1007/s10664-005-3865-y},
	Volume = {10},
	Year = {2005},
	Bdsk-File-1 = {YnBsaXN0MDDUAQIDBAUGJCVYJHZlcnNpb25YJG9iamVjdHNZJGFyY2hpdmVyVCR0b3ASAAGGoKgHCBMUFRYaIVUkbnVsbNMJCgsMDxJXTlMua2V5c1pOUy5vYmplY3RzViRjbGFzc6INDoACgAOiEBGABIAFgAdccmVsYXRpdmVQYXRoWWFsaWFzRGF0YV8QXy4uLy4uL21tc2MvRG9tYWluWC9aaGVuZyBaZW5nL1dyaXRpbmdzL1JlZmVyZW5jZXMvUGFwZXJzT25Tb2Z0RW5nQXBwbGllZFRvU2NpQ29tcC9TZWdhbDIwMDUucGRm0hcLGBlXTlMuZGF0YU8RAj4AAAAAAj4AAgAADE1hY2ludG9zaCBIRAAAAAAAAAAAAAAAAAAAAM6Xc4NIKwAAApHE0w1TZWdhbDIwMDUucGRmAAAAAAAAAAAAAAAAAAAAAAAAAAAAAAAAAAAAAAAAAAAAAAAAAAAAAAAAAAAAAAAAAAACkcUV0CEsQAAAAAAAAAAAAAIABwAACSAAAAAAAAAAAAAAAAAAAAAfUGFwZXJzT25Tb2Z0RW5nQXBwbGllZFRvU2NpQ29tcAAAEAAIAADOl6vDAAAAEQAIAADQIWSAAAAAAQAkApHE0wKRxKgCkcSmApHEdwKRxHUCkcRMABIVpwAI92YAAmSOAAIAgk1hY2ludG9zaCBIRDpVc2VyczoAc21pdGhzOgBSZXBvczoAbW1zYzoARG9tYWluWDoAWmhlbmcgWmVuZzoAV3JpdGluZ3M6AFJlZmVyZW5jZXM6AFBhcGVyc09uU29mdEVuZ0FwcGxpZWRUb1NjaUNvbXA6AFNlZ2FsMjAwNS5wZGYADgAcAA0AUwBlAGcAYQBsADIAMAAwADUALgBwAGQAZgAPABoADABNAGEAYwBpAG4AdABvAHMAaAAgAEgARAASAGxVc2Vycy9zbWl0aHMvUmVwb3MvbW1zYy9Eb21haW5YL1poZW5nIFplbmcvV3JpdGluZ3MvUmVmZXJlbmNlcy9QYXBlcnNPblNvZnRFbmdBcHBsaWVkVG9TY2lDb21wL1NlZ2FsMjAwNS5wZGYAEwABLwAAFQACAA3//wAAgAbSGxwdHlokY2xhc3NuYW1lWCRjbGFzc2VzXU5TTXV0YWJsZURhdGGjHR8gVk5TRGF0YVhOU09iamVjdNIbHCIjXE5TRGljdGlvbmFyeaIiIF8QD05TS2V5ZWRBcmNoaXZlctEmJ1Ryb290gAEACAARABoAIwAtADIANwBAAEYATQBVAGAAZwBqAGwAbgBxAHMAdQB3AIQAjgDwAPUA/QM/A0EDRgNRA1oDaANsA3MDfAOBA44DkQOjA6YDqwAAAAAAAAIBAAAAAAAAACgAAAAAAAAAAAAAAAAAAAOt},
	Bdsk-Url-1 = {http://dx.doi.org/10.1007/s10664-005-3865-y}}

@inproceedings{Kelly2013,
	Acmid = {2555555},
	Address = {Riverton, NJ, USA},
	Author = {Kelly, Diane},
	Booktitle = {Proceedings of the 2013 Conference of the Center for Advanced Studies on Collaborative Research},
	Date-Added = {2014-09-04 14:40:47 +0000},
	Date-Modified = {2014-09-04 14:40:47 +0000},
	Location = {Ontario, Canada},
	Numpages = {12},
	Pages = {299--310},
	Publisher = {IBM Corp.},
	Series = {CASCON '13},
	Title = {Industrial Scientific Software: A Set of Interviews on Software Development},
	Url = {http://dl.acm.org/citation.cfm?id=2555523.2555555},
	Year = {2013},
	Bdsk-File-1 = {YnBsaXN0MDDUAQIDBAUGJCVYJHZlcnNpb25YJG9iamVjdHNZJGFyY2hpdmVyVCR0b3ASAAGGoKgHCBMUFRYaIVUkbnVsbNMJCgsMDxJXTlMua2V5c1pOUy5vYmplY3RzViRjbGFzc6INDoACgAOiEBGABIAFgAdccmVsYXRpdmVQYXRoWWFsaWFzRGF0YV8QLy4uLy4uLy4uL1dvcmsvUmVzZWFyY2gvUmVmZXJlbmNlcy9LZWxseTIwMTMucGRm0hcLGBlXTlMuZGF0YU8RAaQAAAAAAaQAAgAADE1hY2ludG9zaCBIRAAAAAAAAAAAAAAAAAAAAM6Xc4NIKwAAABcCDA1LZWxseTIwMTMucGRmAAAAAAAAAAAAAAAAAAAAAAAAAAAAAAAAAAAAAAAAAAAAAAAAAAAAAAAAAAAAAAAAAAACsPtZ0C3wzAAAAAAAAAAAAAMABAAACSAAAAAAAAAAAAAAAAAAAAAKUmVmZXJlbmNlcwAQAAgAAM6Xq8MAAAARAAgAANAuKQwAAAABABQAFwIMABcATQAW/e0ACPdmAAJkjgACAEVNYWNpbnRvc2ggSEQ6VXNlcnM6AHNtaXRoczoAV29yazoAUmVzZWFyY2g6AFJlZmVyZW5jZXM6AEtlbGx5MjAxMy5wZGYAAA4AHAANAEsAZQBsAGwAeQAyADAAMQAzAC4AcABkAGYADwAaAAwATQBhAGMAaQBuAHQAbwBzAGgAIABIAEQAEgAzVXNlcnMvc21pdGhzL1dvcmsvUmVzZWFyY2gvUmVmZXJlbmNlcy9LZWxseTIwMTMucGRmAAATAAEvAAAVAAIADf//AACABtIbHB0eWiRjbGFzc25hbWVYJGNsYXNzZXNdTlNNdXRhYmxlRGF0YaMdHyBWTlNEYXRhWE5TT2JqZWN00hscIiNcTlNEaWN0aW9uYXJ5oiIgXxAPTlNLZXllZEFyY2hpdmVy0SYnVHJvb3SAAQAIABEAGgAjAC0AMgA3AEAARgBNAFUAYABnAGoAbABuAHEAcwB1AHcAhACOAMAAxQDNAnUCdwJ8AocCkAKeAqICqQKyArcCxALHAtkC3ALhAAAAAAAAAgEAAAAAAAAAKAAAAAAAAAAAAAAAAAAAAuM=},
	Bdsk-Url-1 = {http://dl.acm.org/citation.cfm?id=2555523.2555555}}

@inproceedings{SmithMcCutchanAndCao2007,
	Address = {Montr\'{e}al, Qu\'{e}bec},
	Author = {W. Spencer Smith and John McCutchan and Fang Cao},
	Booktitle = {7$^{th}$ OOPSLA Workshop on Domain Specific Modelling ({DSM}'07)},
	Date-Added = {2014-09-04 14:23:26 +0000},
	Date-Modified = {2014-09-04 14:23:26 +0000},
	Editor = {Jonathan Sprinkle and Jeff Gray and Matti Rossi and Juha-Pekka Tolvanen},
	Local-Url = {/Users/smiths/Work/Research/Papers/OOPSLA_Workshop2007/ProgFamiliesInSciComp_CameraReady.pdf},
	Month = {October},
	Pages = {39--47},
	Title = {Program Families in Scientific Computing},
	Year = {2007},
	Bdsk-File-1 = {YnBsaXN0MDDUAQIDBAUGJCVYJHZlcnNpb25YJG9iamVjdHNZJGFyY2hpdmVyVCR0b3ASAAGGoKgHCBMUFRYaIVUkbnVsbNMJCgsMDxJXTlMua2V5c1pOUy5vYmplY3RzViRjbGFzc6INDoACgAOiEBGABIAFgAdccmVsYXRpdmVQYXRoWWFsaWFzRGF0YV8QVy4uLy4uLy4uL1dvcmsvUmVzZWFyY2gvUGFwZXJzL09PUFNMQV9Xb3Jrc2hvcDIwMDcvUHJvZ0ZhbWlsaWVzSW5TY2lDb21wX0NhbWVyYVJlYWR5LnBkZtIXCxgZV05TLmRhdGFPEQIsAAAAAAIsAAIAAAxNYWNpbnRvc2ggSEQAAAAAAAAAAAAAAAAAAADOl3ODSCsAAAAXC2ofUHJvZ0ZhbWlsaWVzSW5TY2lDb20jMTc4OEYwLnBkZgAAAAAAAAAAAAAAAAAAAAAAAAAAAAAAAAAAAAAAAAAAABeI8M8i4TQAAAAAAAAAAAADAAUAAAkgAAAAAAAAAAAAAAAAAAAAE09PUFNMQV9Xb3Jrc2hvcDIwMDcAABAACAAAzperwwAAABEACAAAzyMnhAAAAAEAGAAXC2oAFwILABcATQAW/e0ACPdmAAJkjgACAGhNYWNpbnRvc2ggSEQ6VXNlcnM6AHNtaXRoczoAV29yazoAUmVzZWFyY2g6AFBhcGVyczoAT09QU0xBX1dvcmtzaG9wMjAwNzoAUHJvZ0ZhbWlsaWVzSW5TY2lDb20jMTc4OEYwLnBkZgAOAEwAJQBQAHIAbwBnAEYAYQBtAGkAbABpAGUAcwBJAG4AUwBjAGkAQwBvAG0AcABfAEMAYQBtAGUAcgBhAFIAZQBhAGQAeQAuAHAAZABmAA8AGgAMAE0AYQBjAGkAbgB0AG8AcwBoACAASABEABIAW1VzZXJzL3NtaXRocy9Xb3JrL1Jlc2VhcmNoL1BhcGVycy9PT1BTTEFfV29ya3Nob3AyMDA3L1Byb2dGYW1pbGllc0luU2NpQ29tcF9DYW1lcmFSZWFkeS5wZGYAABMAAS8AABUAAgAN//8AAIAG0hscHR5aJGNsYXNzbmFtZVgkY2xhc3Nlc11OU011dGFibGVEYXRhox0fIFZOU0RhdGFYTlNPYmplY3TSGxwiI1xOU0RpY3Rpb25hcnmiIiBfEA9OU0tleWVkQXJjaGl2ZXLRJidUcm9vdIABAAgAEQAaACMALQAyADcAQABGAE0AVQBgAGcAagBsAG4AcQBzAHUAdwCEAI4A6ADtAPUDJQMnAywDNwNAA04DUgNZA2IDZwN0A3cDiQOMA5EAAAAAAAACAQAAAAAAAAAoAAAAAAAAAAAAAAAAAAADkw==}}

@article{Davison2012,
	Author = {A. P. Davison},
	Date-Added = {2014-09-02 15:52:46 +0000},
	Date-Modified = {2014-09-02 15:52:46 +0000},
	Journal = {Computing in Science \& Engineering},
	Month = {July-Aug},
	Number = {4},
	Pages = {48--56},
	Title = {Automated Capture of Experiment Context for Easier Reproducibility in Computational Research},
	Volume = {14},
	Year = {2012},
	Bdsk-File-1 = {YnBsaXN0MDDUAQIDBAUGJCVYJHZlcnNpb25YJG9iamVjdHNZJGFyY2hpdmVyVCR0b3ASAAGGoKgHCBMUFRYaIVUkbnVsbNMJCgsMDxJXTlMua2V5c1pOUy5vYmplY3RzViRjbGFzc6INDoACgAOiEBGABIAFgAdccmVsYXRpdmVQYXRoWWFsaWFzRGF0YV8QQC4uLy4uLy4uL1dvcmsvUmVzZWFyY2gvUmVmZXJlbmNlcy9yZXByb2R1Y2libGVfcmVzZWFyY2hfQ2lTRS5wZGbSFwsYGVdOUy5kYXRhTxEB5gAAAAAB5gACAAAMTWFjaW50b3NoIEhEAAAAAAAAAAAAAAAAAAAAzpdzg0grAAAAFwIMHnJlcHJvZHVjaWJsZV9yZXNlYXJjaF9DaVNFLnBkZgAAAAAAAAAAAAAAAAAAAAAAAAAAAAAAAAAAAAAAAAAAAAAXbx7PIuCoAAAAAAAAAAAAAwAEAAAJIAAAAAAAAAAAAAAAAAAAAApSZWZlcmVuY2VzABAACAAAzperwwAAABEACAAAzyMm+AAAAAEAFAAXAgwAFwBNABb97QAI92YAAmSOAAIAVk1hY2ludG9zaCBIRDpVc2VyczoAc21pdGhzOgBXb3JrOgBSZXNlYXJjaDoAUmVmZXJlbmNlczoAcmVwcm9kdWNpYmxlX3Jlc2VhcmNoX0NpU0UucGRmAA4APgAeAHIAZQBwAHIAbwBkAHUAYwBpAGIAbABlAF8AcgBlAHMAZQBhAHIAYwBoAF8AQwBpAFMARQAuAHAAZABmAA8AGgAMAE0AYQBjAGkAbgB0AG8AcwBoACAASABEABIARFVzZXJzL3NtaXRocy9Xb3JrL1Jlc2VhcmNoL1JlZmVyZW5jZXMvcmVwcm9kdWNpYmxlX3Jlc2VhcmNoX0NpU0UucGRmABMAAS8AABUAAgAN//8AAIAG0hscHR5aJGNsYXNzbmFtZVgkY2xhc3Nlc11OU011dGFibGVEYXRhox0fIFZOU0RhdGFYTlNPYmplY3TSGxwiI1xOU0RpY3Rpb25hcnmiIiBfEA9OU0tleWVkQXJjaGl2ZXLRJidUcm9vdIABAAgAEQAaACMALQAyADcAQABGAE0AVQBgAGcAagBsAG4AcQBzAHUAdwCEAI4A0QDWAN4CyALKAs8C2gLjAvEC9QL8AwUDCgMXAxoDLAMvAzQAAAAAAAACAQAAAAAAAAAoAAAAAAAAAAAAAAAAAAADNg==}}

@book{GhezziEtAl2003,
	Address = {Upper Saddle River, NJ, USA},
	Author = {Carlo Ghezzi and Mehdi Jazayeri and Dino Mandrioli},
	Date-Added = {2014-09-02 15:50:26 +0000},
	Date-Modified = {2014-09-02 15:50:26 +0000},
	Edition = {2nd},
	Keywords = {software engineering},
	Publisher = {Prentice Hall},
	Title = {Fundamentals of Software Engineering},
	Year = {2003}}

@misc{CDRH2002,
	Author = {CDRH},
	Date-Added = {2014-08-29 15:22:13 +0000},
	Date-Modified = {2014-09-18 18:55:39 +0000},
	Lastchecked = {September 2014},
	Title = {General Principles of Software Validation; Final Guidance for Industry and {FDA} Staff},
	Url = {http://www.fda.gov/medicaldevices/deviceregulationandguidance/guidancedocuments/ucm085281.htm},
	Urldate = {September 2014},
	Year = 2002,
	Bdsk-Url-1 = {http://www.fda.gov/medicaldevices/deviceregulationandguidance/guidancedocuments/ucm085281.htm}}

@book{Roache1998,
	Address = {Albuquerque, New Mexico},
	Author = {Patrick J. Roache},
	Date-Added = {2014-08-28 18:14:14 +0000},
	Date-Modified = {2014-08-28 18:14:14 +0000},
	Publisher = {Hermosa Publishers},
	Title = {Verification and Validation in Computational Science and Engineering},
	Year = {1998}}

@article{MaibaumAndWassyng2008,
	Author = {Thomas Maibaum and Alan Wassyng},
	Date-Added = {2013-10-09 11:33:03 -0400},
	Date-Modified = {2014-09-26 19:20:34 +0000},
	Journal = {IEEE Computer},
	Number = {2},
	Pages = {91--93},
	Title = {A Product-Focused Approach to Software Certification},
	Volume = {41},
	Year = {2008},
	Bdsk-File-1 = {YnBsaXN0MDDUAQIDBAUGJCVYJHZlcnNpb25YJG9iamVjdHNZJGFyY2hpdmVyVCR0b3ASAAGGoKgHCBMUFRYaIVUkbnVsbNMJCgsMDxJXTlMua2V5c1pOUy5vYmplY3RzViRjbGFzc6INDoACgAOiEBGABIAFgAdccmVsYXRpdmVQYXRoWWFsaWFzRGF0YV8QOy4uLy4uLy4uL1dvcmsvUmVzZWFyY2gvUmVmZXJlbmNlcy9NYWliYXVtQW5kV2Fzc3luZzIwMDgucGRm0hcLGBlXTlMuZGF0YU8RAdQAAAAAAdQAAgAADE1hY2ludG9zaCBIRAAAAAAAAAAAAAAAAAAAAM6Xc4NIKwAAABcCDBlNYWliYXVtQW5kV2Fzc3luZzIwMDgucGRmAAAAAAAAAAAAAAAAAAAAAAAAAAAAAAAAAAAAAAAAAAAAAAAAAAAClw9Q0CSsmAAAAAAAAAAAAAMABAAACSAAAAAAAAAAAAAAAAAAAAAKUmVmZXJlbmNlcwAQAAgAAM6Xq8MAAAARAAgAANAk5NgAAAABABQAFwIMABcATQAW/e0ACPdmAAJkjgACAFFNYWNpbnRvc2ggSEQ6VXNlcnM6AHNtaXRoczoAV29yazoAUmVzZWFyY2g6AFJlZmVyZW5jZXM6AE1haWJhdW1BbmRXYXNzeW5nMjAwOC5wZGYAAA4ANAAZAE0AYQBpAGIAYQB1AG0AQQBuAGQAVwBhAHMAcwB5AG4AZwAyADAAMAA4AC4AcABkAGYADwAaAAwATQBhAGMAaQBuAHQAbwBzAGgAIABIAEQAEgA/VXNlcnMvc21pdGhzL1dvcmsvUmVzZWFyY2gvUmVmZXJlbmNlcy9NYWliYXVtQW5kV2Fzc3luZzIwMDgucGRmAAATAAEvAAAVAAIADf//AACABtIbHB0eWiRjbGFzc25hbWVYJGNsYXNzZXNdTlNNdXRhYmxlRGF0YaMdHyBWTlNEYXRhWE5TT2JqZWN00hscIiNcTlNEaWN0aW9uYXJ5oiIgXxAPTlNLZXllZEFyY2hpdmVy0SYnVHJvb3SAAQAIABEAGgAjAC0AMgA3AEAARgBNAFUAYABnAGoAbABuAHEAcwB1AHcAhACOAMwA0QDZArECswK4AsMCzALaAt4C5QLuAvMDAAMDAxUDGAMdAAAAAAAAAgEAAAAAAAAAKAAAAAAAAAAAAAAAAAAAAx8=}}

@mastersthesis{Koothoor2013,
	Author = {Nirmitha Koothoor},
	Date-Added = {2013-08-07 22:03:54 -0400},
	Date-Modified = {2013-08-07 22:03:54 -0400},
	School = {McMaster University, Hamilton, Ontario, Canada},
	Title = {A Document Driven Approach to Certifying Scientific Computing Software},
	Year = {2013},
	Bdsk-File-1 = {YnBsaXN0MDDUAQIDBAUGJCVYJHZlcnNpb25YJG9iamVjdHNZJGFyY2hpdmVyVCR0b3ASAAGGoKgHCBMUFRYaIVUkbnVsbNMJCgsMDxJXTlMua2V5c1pOUy5vYmplY3RzViRjbGFzc6INDoACgAOiEBGABIAFgAdccmVsYXRpdmVQYXRoWWFsaWFzRGF0YV8QFy4uL2tvb3Rob24vY3d0aGVzaXMucGRm0hcLGBlXTlMuZGF0YU8RAZAAAAAAAZAAAgAADE1hY2ludG9zaCBIRAAAAAAAAAAAAAAAAAAAAM6Xc4NIKwAAAC3Z7wxjd3RoZXNpcy5wZGYAAAAAAAAAAAAAAAAAAAAAAAAAAAAAAAAAAAAAAAAAAAAAAAAAAAAAAAAAAAAAAAAAAAAC2HMD0D5+twAAAAAAAAAAAAEAAgAACSAAAAAAAAAAAAAAAAAAAAAHa29vdGhvbgAAEAAIAADOl6vDAAAAEQAIAADQPrb3AAAAAQAUAC3Z7wAt2eEAEhWnAAj3ZgACZI4AAgA9TWFjaW50b3NoIEhEOlVzZXJzOgBzbWl0aHM6AFJlcG9zOgBzY2M6AGtvb3Rob246AGN3dGhlc2lzLnBkZgAADgAaAAwAYwB3AHQAaABlAHMAaQBzAC4AcABkAGYADwAaAAwATQBhAGMAaQBuAHQAbwBzAGgAIABIAEQAEgArVXNlcnMvc21pdGhzL1JlcG9zL3NjYy9rb290aG9uL2N3dGhlc2lzLnBkZgAAEwABLwAAFQACAA3//wAAgAbSGxwdHlokY2xhc3NuYW1lWCRjbGFzc2VzXU5TTXV0YWJsZURhdGGjHR8gVk5TRGF0YVhOU09iamVjdNIbHCIjXE5TRGljdGlvbmFyeaIiIF8QD05TS2V5ZWRBcmNoaXZlctEmJ1Ryb290gAEACAARABoAIwAtADIANwBAAEYATQBVAGAAZwBqAGwAbgBxAHMAdQB3AIQAjgCoAK0AtQJJAksCUAJbAmQCcgJ2An0ChgKLApgCmwKtArACtQAAAAAAAAIBAAAAAAAAACgAAAAAAAAAAAAAAAAAAAK3}}

@techreport{NASA1989,
	Author = {NASA},
	Date-Added = {2013-08-07 16:44:42 -0400},
	Date-Modified = {2013-08-07 16:44:42 -0400},
	Institution = {National Aeronautics and Space Agency},
	Title = {Software requirements {DID}, {SMAP-DID-P200-SW}, Release 4.3},
	Year = {1989}}

@techreport{ESA1991,
	Author = {ESA},
	Date-Added = {2013-08-07 16:44:31 -0400},
	Date-Modified = {2013-08-07 16:44:31 -0400},
	Institution = {European Space Agency},
	Title = {{ESA} Software Engineering Standards, {PSS-05-0} Issue 2},
	Year = {February 1991}}

@article{SmithEtAl2007,
	Author = {W. Spencer Smith and Lei Lai and Ridha Khedri},
	Date-Added = {2013-08-07 16:44:15 -0400},
	Date-Modified = {2013-08-07 16:44:15 -0400},
	Journal = {Reliable Computing, Special Issue on Reliable Engineering Computation},
	Title = {Requirements Analysis for Engineering Computation: A Systematic Approach for Improving Software Reliability},
	Volume = {13},
	Year = {2007},
	Bdsk-File-1 = {YnBsaXN0MDDUAQIDBAUGJCVYJHZlcnNpb25YJG9iamVjdHNZJGFyY2hpdmVyVCR0b3ASAAGGoKgHCBMUFRYaIVUkbnVsbNMJCgsMDxJXTlMua2V5c1pOUy5vYmplY3RzViRjbGFzc6INDoACgAOiEBGABIAFgAdccmVsYXRpdmVQYXRoWWFsaWFzRGF0YV8QUS4uLy4uLy4uL1dvcmsvUmVzZWFyY2gvUGFwZXJzL1JlbGlhYmxlQ29tcHV0aW5nL1NtaXRoTGFpQW5kS2hlZHJpMjAwN2Z1bGx0ZXh0LnBkZtIXCxgZV05TLmRhdGFPEQIaAAAAAAIaAAIAAAxNYWNpbnRvc2ggSEQAAAAAAAAAAAAAAAAAAADOl3ODSCsAAAAXC24fU21pdGhMYWlBbmRLaGVkcmkyMDAjMTc4ODYzLnBkZgAAAAAAAAAAAAAAAAAAAAAAAAAAAAAAAAAAAAAAAAAAABeIY88i4TNQREYgQ0FSTwADAAUAAAkgAAAAAAAAAAAAAAAAAAAAEVJlbGlhYmxlQ29tcHV0aW5nAAAQAAgAAM6Xq8MAAAARAAgAAM8jJ4MAAAABABgAFwtuABcCCwAXAE0AFv3tAAj3ZgACZI4AAgBmTWFjaW50b3NoIEhEOlVzZXJzOgBzbWl0aHM6AFdvcms6AFJlc2VhcmNoOgBQYXBlcnM6AFJlbGlhYmxlQ29tcHV0aW5nOgBTbWl0aExhaUFuZEtoZWRyaTIwMCMxNzg4NjMucGRmAA4ARAAhAFMAbQBpAHQAaABMAGEAaQBBAG4AZABLAGgAZQBkAHIAaQAyADAAMAA3AGYAdQBsAGwAdABlAHgAdAAuAHAAZABmAA8AGgAMAE0AYQBjAGkAbgB0AG8AcwBoACAASABEABIAVVVzZXJzL3NtaXRocy9Xb3JrL1Jlc2VhcmNoL1BhcGVycy9SZWxpYWJsZUNvbXB1dGluZy9TbWl0aExhaUFuZEtoZWRyaTIwMDdmdWxsdGV4dC5wZGYAABMAAS8AABUAAgAN//8AAIAG0hscHR5aJGNsYXNzbmFtZVgkY2xhc3Nlc11OU011dGFibGVEYXRhox0fIFZOU0RhdGFYTlNPYmplY3TSGxwiI1xOU0RpY3Rpb25hcnmiIiBfEA9OU0tleWVkQXJjaGl2ZXLRJidUcm9vdIABAAgAEQAaACMALQAyADcAQABGAE0AVQBgAGcAagBsAG4AcQBzAHUAdwCEAI4A4gDnAO8DDQMPAxQDHwMoAzYDOgNBA0oDTwNcA18DcQN0A3kAAAAAAAACAQAAAAAAAAAoAAAAAAAAAAAAAAAAAAADew==}}

@article{ParnasAndClements1986,
	Author = {David L. Parnas and P.C. Clements},
	Date-Added = {2013-08-07 16:43:44 -0400},
	Date-Modified = {2014-08-28 13:25:40 +0000},
	Journal = {IEEE Transactions on Software Engineering},
	Month = {February},
	Number = {2},
	Pages = {251--257},
	Title = {A Rational Design Process: How and Why to Fake it},
	Volume = {12},
	Year = {1986}}

@book{IEEESrs:1998,
	Author = {IEEE},
	Date-Added = {2013-08-07 16:25:49 -0400},
	Date-Modified = {2013-08-07 16:25:49 -0400},
	Keywords = {SRS, requirements, specifications, software, system},
	Month = {June},
	Pages = {4--8},
	Publisher = {IEEE},
	Rating = {1},
	Title = {Recommended practice for Software Requirements Specifications},
	Year = {1998},
	Bdsk-File-1 = {YnBsaXN0MDDUAQIDBAUGJCVYJHZlcnNpb25YJG9iamVjdHNZJGFyY2hpdmVyVCR0b3ASAAGGoKgHCBMUFRYaIVUkbnVsbNMJCgsMDxJXTlMua2V5c1pOUy5vYmplY3RzViRjbGFzc6INDoACgAOiEBGABIAFgAdccmVsYXRpdmVQYXRoWWFsaWFzRGF0YV8QJC4uLy4uLy4uL0Rlc2t0b3AvSUVFRVN0ZDgzMC0xOTk4LnBkZtIXCxgZV05TLmRhdGFPEQGIAAAAAAGIAAIAAAUyNTBHQgAAAAAAAAAAAAAAAAAAAAAAAAAAAADH1F+RSCsAAABo0ucTSUVFRVN0ZDgzMC0xOTk4LnBkZgAAAAAAAAAAAAAAAAAAAAAAAAAAAAAAAAAAAAAAAAAAAAAAAAAAAAAAAAAAAL75uM24ZNoAAAAAAAAAAAADAAIAAAkgAAAAAAAAAAAAAAAAAAAAB0Rlc2t0b3AAABAACAAAx9SX0QAAABEACAAAzbidGgAAAAEADABo0ucAaNLcAACS8wACADgyNTBHQjpVc2VyczpuaXJtaXRoYWtvb3Rob29yOkRlc2t0b3A6SUVFRVN0ZDgzMC0xOTk4LnBkZgAOACgAEwBJAEUARQBFAFMAdABkADgAMwAwAC0AMQA5ADkAOAAuAHAAZABmAA8ADAAFADIANQAwAEcAQgASADJVc2Vycy9uaXJtaXRoYWtvb3Rob29yL0Rlc2t0b3AvSUVFRVN0ZDgzMC0xOTk4LnBkZgATAAEvAAAVAAIAF///AACABtIbHB0eWiRjbGFzc25hbWVYJGNsYXNzZXNdTlNNdXRhYmxlRGF0YaMdHyBWTlNEYXRhWE5TT2JqZWN00hscIiNcTlNEaWN0aW9uYXJ5oiIgXxAPTlNLZXllZEFyY2hpdmVy0SYnVHJvb3SAAQAIABEAGgAjAC0AMgA3AEAARgBNAFUAYABnAGoAbABuAHEAcwB1AHcAhACOALUAugDCAk4CUAJVAmACaQJ3AnsCggKLApACnQKgArICtQK6AAAAAAAAAgEAAAAAAAAAKAAAAAAAAAAAAAAAAAAAArw=}}

@techreport{QAstandards:1999,
	Author = {CSA},
	Date-Added = {2013-08-07 15:27:47 -0400},
	Date-Modified = {2013-08-07 15:27:47 -0400},
	Institution = {Canadian Standards Association},
	Month = {March},
	Number = {N286.7-99},
	Title = {Quality assurance of analytical, scientific, and design computer programs for nuclear power plants},
	Year = {1999}}

@article{SegalAndMorris2008,
	Annote = {Some extra information on the citation.

@article{Segal2008IEEE,
	Address = {Los Alamitos, CA, USA},
	Author = {Segal, Judith and Morris, Chris},
	Date-Added = {2011-01-28 14:00:17 -0500},
	Date-Modified = {2011-01-28 14:00:35 -0500},
	Doi = {http://dx.doi.org/10.1109/MS.2008.85},
	Issn = {0740-7459},
	Journal = {IEEE Softw.},
	Number = {4},
	Pages = {18--20},
	Publisher = {IEEE Computer Society Press},
	Title = {Developing Scientific Software},
	Url = {http://cs.ua.edu/\~{}SECSE08/Papers/Segal.pdf},
	Volume = {25},
	Year = {2008},
	Bdsk-Url-1 = {http://cs.ua.edu/%5C~%7B%7DSECSE08/Papers/Segal.pdf},
	Bdsk-Url-2 = {http://dx.doi.org/10.1109/MS.2008.85}}},
	Author = {Judith Segal and Chris Morris},
	Date-Added = {2013-08-06 22:47:55 -0400},
	Date-Modified = {2013-08-06 22:47:55 -0400},
	Journal = {IEEE Software},
	Local-Url = {/Users/smiths/LongTermArchives/Work/Research/References/SciCompAndSoftEng/SegalAndMorris2008.pdf},
	Month = {July/August},
	Number = {4},
	Pages = {18--20},
	Title = {Developing Scientific Software},
	Volume = {25},
	Year = {2008},
	Bdsk-File-1 = {YnBsaXN0MDDUAQIDBAUGJCVYJHZlcnNpb25YJG9iamVjdHNZJGFyY2hpdmVyVCR0b3ASAAGGoKgHCBMUFRYaIVUkbnVsbNMJCgsMDxJXTlMua2V5c1pOUy5vYmplY3RzViRjbGFzc6INDoACgAOiEBGABIAFgAdccmVsYXRpdmVQYXRoWWFsaWFzRGF0YV8QSS4uLy4uL21tc2MvRG9tYWluWC9QYXBlcnNPblNvZnRFbmdBcHBsaWVkVG9TY2lDb21wL1NlZ2FsQW5kTW9ycmlzMjAwOC5wZGbSFwsYGVdOUy5kYXRhTxECFgAAAAACFgACAAAMTWFjaW50b3NoIEhEAAAAAAAAAAAAAAAAAAAAzpdzg0grAAACkc5dFlNlZ2FsQW5kTW9ycmlzMjAwOC5wZGYAAAAAAAAAAAAAAAAAAAAAAAAAAAAAAAAAAAAAAAAAAAAAAAAAAAAAAAKRzqLQISz/AAAAAAAAAAAAAgAEAAAJIAAAAAAAAAAAAAAAAAAAAB9QYXBlcnNPblNvZnRFbmdBcHBsaWVkVG9TY2lDb21wAAAQAAgAAM6Xq8MAAAARAAgAANAhZT8AAAABABgCkc5dApHEdQKRxEwAEhWnAAj3ZgACZI4AAgBpTWFjaW50b3NoIEhEOlVzZXJzOgBzbWl0aHM6AFJlcG9zOgBtbXNjOgBEb21haW5YOgBQYXBlcnNPblNvZnRFbmdBcHBsaWVkVG9TY2lDb21wOgBTZWdhbEFuZE1vcnJpczIwMDgucGRmAAAOAC4AFgBTAGUAZwBhAGwAQQBuAGQATQBvAHIAcgBpAHMAMgAwADAAOAAuAHAAZABmAA8AGgAMAE0AYQBjAGkAbgB0AG8AcwBoACAASABEABIAVlVzZXJzL3NtaXRocy9SZXBvcy9tbXNjL0RvbWFpblgvUGFwZXJzT25Tb2Z0RW5nQXBwbGllZFRvU2NpQ29tcC9TZWdhbEFuZE1vcnJpczIwMDgucGRmABMAAS8AABUAAgAN//8AAIAG0hscHR5aJGNsYXNzbmFtZVgkY2xhc3Nlc11OU011dGFibGVEYXRhox0fIFZOU0RhdGFYTlNPYmplY3TSGxwiI1xOU0RpY3Rpb25hcnmiIiBfEA9OU0tleWVkQXJjaGl2ZXLRJidUcm9vdIABAAgAEQAaACMALQAyADcAQABGAE0AVQBgAGcAagBsAG4AcQBzAHUAdwCEAI4A2gDfAOcDAQMDAwgDEwMcAyoDLgM1Az4DQwNQA1MDZQNoA20AAAAAAAACAQAAAAAAAAAoAAAAAAAAAAAAAAAAAAADbw==}}

@article{Hatcliff2009,
	Abstract = {In August of 2007 and December of 2007, North American academic researchers,
	industry representatives and regulators were invited to meetings
	in Washington and Minneapolis, respectively, with the goal of forming
	a Software Certification Consortium (SCC). At the first meeting,
	objectives were established for the consortium and a certification
	grand challenge was issued. At the second meeting, all participants
	were asked to complete the statement: ``Software certification is
	hard because . . .''. The group then synthesized the results into
	a ``Top 9'' list by means of discussion and voting. In this article,
	we describe the goals that we believe should be the goals of SCC,
	via details of these Top 9 hurdles that are preventing us from making
	software certification part of the mainstream},
	Author = {Hatcliff, John and Heimdahl, Mats and Lawford, Mark and Maibaum, Tom and Wassyng, Alan and Wurden, Fred},
	Date-Added = {2013-08-06 22:39:41 -0400},
	Date-Modified = {2014-09-26 19:24:11 +0000},
	Doi = {10.1016/j.entcs.2009.09.002},
	File = {:Users/gonzalo/McSCert/scc/ref/McSCert/A Software Certification Consortium and its Top 9 Hurdles (safecert08).pdf:pdf},
	Issn = {1571-0661},
	Journal = {Electronic Notes in Theoretical Computer Science},
	Keywords = {formal methods,objectives,projects,scc,software certification consortium},
	Number = {4},
	Pages = {11--17},
	Publisher = {Elsevier},
	Title = {A Software Certification Consortium and its Top 9 Hurdles},
	Url = {http://linkinghub.elsevier.com/retrieve/pii/S1571066109003570},
	Volume = {238},
	Year = {2009},
	Bdsk-Url-1 = {http://linkinghub.elsevier.com/retrieve/pii/S1571066109003570},
	Bdsk-Url-2 = {http://dx.doi.org/10.1016/j.entcs.2009.09.002}}

@inproceedings{Segal2007_Dagsthul,
	Author = {Judith Segal},
	Booktitle = {Dagstuhl Seminar Proceedings 07081, End-User Software Engineering},
	Date-Added = {2013-08-03 20:48:22 -0400},
	Date-Modified = {2013-08-03 20:48:22 -0400},
	Local-Url = {/Users/smiths/LongTermArchives/Work/Research/References/SciCompAndSoftEng/Segal2007_Dagstuhl.pdf},
	Title = {End-User Software Engineering and Professional End-User Developers},
	Url = {http://drops.dagstuhl.de/opus/volltexte/2007/1095},
	Year = {2007},
	Bdsk-File-1 = {YnBsaXN0MDDUAQIDBAUGJCVYJHZlcnNpb25YJG9iamVjdHNZJGFyY2hpdmVyVCR0b3ASAAGGoKgHCBMUFRYaIVUkbnVsbNMJCgsMDxJXTlMua2V5c1pOUy5vYmplY3RzViRjbGFzc6INDoACgAOiEBGABIAFgAdccmVsYXRpdmVQYXRoWWFsaWFzRGF0YV8QOi4uL3NhbmNoZXovcmVmL1NjaWVudGlmaWMgQ29tcHV0aW5nL1NlZ2FsMjAwN19EYWdzdHVobC5wZGbSFwsYGVdOUy5kYXRhTxEB/gAAAAAB/gACAAAMTWFjaW50b3NoIEhEAAAAAAAAAAAAAAAAAAAAzpdzg0grAAAALeVsFlNlZ2FsMjAwN19EYWdzdHVobC5wZGYAAAAAAAAAAAAAAAAAAAAAAAAAAAAAAAAAAAAAAAAAAAAAAAAAAAAAAAAt5aDPKmHJAAAAAAAAAAAAAQAEAAAJIAAAAAAAAAAAAAAAAAAAABRTY2llbnRpZmljIENvbXB1dGluZwAQAAgAAM6Xq8MAAAARAAgAAM8qqBkAAAABABwALeVsAC3gvQAt3jEALdnhABIVpwAI92YAAmSOAAIAYk1hY2ludG9zaCBIRDpVc2VyczoAc21pdGhzOgBSZXBvczoAc2NjOgBzYW5jaGV6OgByZWY6AFNjaWVudGlmaWMgQ29tcHV0aW5nOgBTZWdhbDIwMDdfRGFnc3R1aGwucGRmAA4ALgAWAFMAZQBnAGEAbAAyADAAMAA3AF8ARABhAGcAcwB0AHUAaABsAC4AcABkAGYADwAaAAwATQBhAGMAaQBuAHQAbwBzAGgAIABIAEQAEgBOVXNlcnMvc21pdGhzL1JlcG9zL3NjYy9zYW5jaGV6L3JlZi9TY2llbnRpZmljIENvbXB1dGluZy9TZWdhbDIwMDdfRGFnc3R1aGwucGRmABMAAS8AABUAAgAN//8AAIAG0hscHR5aJGNsYXNzbmFtZVgkY2xhc3Nlc11OU011dGFibGVEYXRhox0fIFZOU0RhdGFYTlNPYmplY3TSGxwiI1xOU0RpY3Rpb25hcnmiIiBfEA9OU0tleWVkQXJjaGl2ZXLRJidUcm9vdIABAAgAEQAaACMALQAyADcAQABGAE0AVQBgAGcAagBsAG4AcQBzAHUAdwCEAI4AywDQANgC2gLcAuEC7AL1AwMDBwMOAxcDHAMpAywDPgNBA0YAAAAAAAACAQAAAAAAAAAoAAAAAAAAAAAAAAAAAAADSA==},
	Bdsk-Url-1 = {http://drops.dagstuhl.de/opus/volltexte/2007/1095}}

@inproceedings{LPassurance,
	Author = {Andrew P. Moore and Charles N. {Payne Jr.}},
	Booktitle = {Proceedings of 11th Annual Conference on Computer Assurance. COMPASS '96},
	Date-Added = {2013-08-03 18:43:03 -0400},
	Date-Modified = {2014-09-26 19:51:25 +0000},
	Pages = {187--198},
	Title = {Increasing Assurance with Literate Programming Techniques},
	Year = 1996}

@book{pbrd,
	Address = {San Francisco, CA, USA},
	Author = {Pharr, Matt and Humphreys, Greg},
	Date-Added = {2013-08-03 18:42:52 -0400},
	Date-Modified = {2013-08-03 18:42:52 -0400},
	Publisher = {Morgan Kaufmann Publishers Inc.},
	Title = {Physically Based Rendering: From Theory to Implementation},
	Year = 2004}

@article{LPanot,
	Author = {Lisa M. C. Smith and Mansur H. Samadzadeh},
	Date-Added = {2013-08-03 18:42:24 -0400},
	Date-Modified = {2013-08-03 18:42:24 -0400},
	Journal = {ACM SIGPLAN Notices},
	Number = 1,
	Pages = {14--20},
	Title = {An Annotated Bibliography of Literate Programming},
	Volume = 26,
	Year = 1991}

@misc{LPweb,
	Date-Added = {2013-08-03 18:42:10 -0400},
	Date-Modified = {2013-08-03 18:42:10 -0400},
	Howpublished = {\url{http://www.literateprogramming.com}},
	Key = {Literate Programming Web Site},
	Title = {Literate Programming Web Site}}

@book{CWEB,
	Address = {Reading, Massachusetts},
	Author = {Donald E. Knuth and Silvio Levy},
	Date-Added = {2013-08-03 18:41:55 -0400},
	Date-Modified = {2013-08-03 18:41:55 -0400},
	Publisher = {Addison-Wesley},
	Title = {The {CWEB} System of Structured Documentation},
	Year = 1993}

@misc{cwebhy,
	Address = {TU~Darmstadt, Computer Science Department, WG Systems Programming, Germany},
	Author = {Joachim Schrod},
	Date-Added = {2013-08-03 18:41:41 -0400},
	Date-Modified = {2013-08-03 18:41:41 -0400},
	Howpublished = {{CTAN}, the Comprehensive \TeX\xspace Archive Network},
	Title = {Typesetting {\sc cweave} Output},
	Year = 1995}

@article{noweb,
	Address = {Seattle, WA, USA},
	Author = {Johnson, Andrew and Johnson, Brad},
	Date-Added = {2013-08-03 18:41:29 -0400},
	Date-Modified = {2013-08-03 18:41:29 -0400},
	Journal = {Linux J., Article No 1},
	Publisher = {Specialized Systems Consultants, Inc.},
	Title = {Literate Programming Using {\tt Noweb}},
	Year = 1997}

@book{Knuth:1992:LP,
	Author = {Donald E. Knuth},
	Bibdate = {Tue Mar 03 12:24:41 1998},
	Date-Added = {2013-08-03 18:39:54 -0400},
	Date-Modified = {2013-08-03 18:39:54 -0400},
	Isbn = {0-937073-80-6 (paper), 0-937073-81-4 (cloth)},
	Isbn-13 = {978-0-937073-80-3 (paper), 978-0-937073-81-0 (cloth)},
	Keywords = {electronic digital computers --- programming},
	Lccn = {QA76.6.K644},
	Pages = {xv + 368},
	Publisher = {Center for the Study of Language and Information},
	Series = {CSLI Lecture Notes Number 27},
	Title = {Literate Programming},
	Url = {http://csli-www.stanford.edu/publications/literate.html},
	Year = {1992},
	Bdsk-Url-1 = {http://csli-www.stanford.edu/publications/literate.html}}

@techreport{Knuth1983LP,
	Acknowledgement = ack-hk,
	Author = {Donald E. Knuth},
	Bibdate = {Fri Sep 23 02:22:30 1994},
	Date-Added = {2013-08-03 18:37:13 -0400},
	Date-Modified = {2013-08-03 18:37:13 -0400},
	Institution = inst-STAN-CS,
	Number = {STAN-CS-83-981},
	Title = {Literate Programming},
	Type = {Technical report},
	Year = {1983}}

@techreport{Knuth1983WSS,
	Acknowledgement = ack-nhfb,
	Address = {Stanford, {CA}},
	Author = {Donald E. Knuth},
	Date-Added = {2013-08-03 18:37:06 -0400},
	Date-Modified = {2013-08-03 18:48:04 -0400},
	Institution = {Stanford University},
	Month = sep,
	Number = {{CS}980},
	Title = {The {WEB{}} System of Structured Documentation},
	Type = {Stanford Computer Science Report},
	Year = {1983}}

@techreport{Nedialkov2010,
	Author = {Nedialko S. Nedialkov},
	Date-Added = {2013-08-03 17:40:50 -0400},
	Date-Modified = {2014-09-05 18:25:25 +0000},
	Institution = {Department of Computing and Software, McMaster University},
	Number = {{CAS-10-02-NN}},
	Title = {{Implementing a Rigorous {ODE} Solver through Literate Programming}},
	Year = {2010},
	Bdsk-File-1 = {YnBsaXN0MDDUAQIDBAUGJCVYJHZlcnNpb25YJG9iamVjdHNZJGFyY2hpdmVyVCR0b3ASAAGGoKgHCBMUFRYaIVUkbnVsbNMJCgsMDxJXTlMua2V5c1pOUy5vYmplY3RzViRjbGFzc6INDoACgAOiEBGABIAFgAdccmVsYXRpdmVQYXRoWWFsaWFzRGF0YV8QMy4uLy4uLy4uL1dvcmsvUmVzZWFyY2gvUmVmZXJlbmNlcy9OZWRpYWxrb3YyMDEwLnBkZtIXCxgZV05TLmRhdGFPEQG0AAAAAAG0AAIAAAxNYWNpbnRvc2ggSEQAAAAAAAAAAAAAAAAAAADOl3ODSCsAAAAXAgwRTmVkaWFsa292MjAxMC5wZGYAAAAAAAAAAAAAAAAAAAAAAAAAAAAAAAAAAAAAAAAAAAAAAAAAAAAAAAAAAAAAArLnldAveC8AAAAAAAAAAAADAAQAAAkgAAAAAAAAAAAAAAAAAAAAClJlZmVyZW5jZXMAEAAIAADOl6vDAAAAEQAIAADQL7BvAAAAAQAUABcCDAAXAE0AFv3tAAj3ZgACZI4AAgBJTWFjaW50b3NoIEhEOlVzZXJzOgBzbWl0aHM6AFdvcms6AFJlc2VhcmNoOgBSZWZlcmVuY2VzOgBOZWRpYWxrb3YyMDEwLnBkZgAADgAkABEATgBlAGQAaQBhAGwAawBvAHYAMgAwADEAMAAuAHAAZABmAA8AGgAMAE0AYQBjAGkAbgB0AG8AcwBoACAASABEABIAN1VzZXJzL3NtaXRocy9Xb3JrL1Jlc2VhcmNoL1JlZmVyZW5jZXMvTmVkaWFsa292MjAxMC5wZGYAABMAAS8AABUAAgAN//8AAIAG0hscHR5aJGNsYXNzbmFtZVgkY2xhc3Nlc11OU011dGFibGVEYXRhox0fIFZOU0RhdGFYTlNPYmplY3TSGxwiI1xOU0RpY3Rpb25hcnmiIiBfEA9OU0tleWVkQXJjaGl2ZXLRJidUcm9vdIABAAgAEQAaACMALQAyADcAQABGAE0AVQBgAGcAagBsAG4AcQBzAHUAdwCEAI4AxADJANECiQKLApACmwKkArICtgK9AsYCywLYAtsC7QLwAvUAAAAAAAACAQAAAAAAAAAoAAAAAAAAAAAAAAAAAAAC9w==}}

@techreport{Ned:2006,
	Address = {{1280 Main Street West, Hamilton, Ontario, L8S 4K1}},
	Author = {Nedialko S. Nedialkov},
	Date-Added = {2013-08-03 17:40:36 -0400},
	Date-Modified = {2014-09-26 19:26:01 +0000},
	Institution = {Department of Computing and Software, McMaster University},
	Number = {CAS-06-06-NN},
	Title = {{VNODE-LP} --- A Validated Solver for Initial Value Problems in Ordinary Differential Equations},
	Year = {2006}}
