%% This BibTeX bibliography file was created using BibDesk.
%% http://bibdesk.sourceforge.net/


%% Created for Spencer Smith at 2014-10-01 10:23:46 -0400 


%% Saved with string encoding Unicode (UTF-8) 



@techreport{Ned:2006,
	Address = {{1280 Main Street West, Hamilton, Ontario, L8S 4K1}},
	Author = {{Nedialko S. Nedialkov}},
	Date-Added = {2013-06-01 21:02:02 -0400},
	Date-Modified = {2013-06-01 21:04:28 -0400},
	Institution = {Department of Computing and Software, McMaster University},
	Number = {CAS-06-06-NN},
	Title = {{{VNODE-LP} --- A Validated Solver for Initial Value Problems in Ordinary Differential Equations}},
	Year = {2006}}

@incollection{Pepper:1991,
	Author = {P. Pepper},
	Date-Added = {2013-06-01 20:53:23 -0400},
	Date-Modified = {2013-06-01 20:54:38 -0400},
	Pages = {101--124},
	Title = {{Literate program derivation: a case study}},
	Year = {1991}}

@inproceedings{Moore:1996,
	Author = {{A. P. Moore and C. N. {Payne, Jr.}}},
	Date-Added = {2013-06-01 20:49:32 -0400},
	Date-Modified = {2013-06-01 20:52:32 -0400},
	Pages = {{187--198}},
	Title = {Increasing assurance with literate programming techniques},
	Year = {{1996}}}

@techreport{ParnasEtAl:1996,
	Author = {D. L. Parnas and R. Janicki and J. Zucker},
	Date-Added = {2013-06-01 15:42:03 -0400},
	Date-Modified = {2013-06-01 15:45:38 -0400},
	Institution = {McMaster University},
	Month = {February},
	Number = {CRL 313},
	Title = {Tabular Representation in Relational documents},
	Year = {1996}}

@article{ParnasAndClements1986,
	Author = {David L. Parnas and P.C. Clements},
	Date-Added = {2013-06-01 15:31:57 -0400},
	Date-Modified = {2013-06-01 15:33:31 -0400},
	Journal = {IEEE Transactions on Software Engineering},
	Number = {2},
	Pages = {251--257},
	Title = {A Rational Design Process: How and Why to Fake it},
	Volume = {12},
	Year = {February 1986}}

@article{SegalAndMorris:2008,
	Author = {Judith Segal and Chris Morris},
	Date-Added = {2013-06-01 14:34:52 -0400},
	Date-Modified = {2013-06-02 16:32:24 -0400},
	Journal = {IEEE Software},
	Month = {July/August},
	Number = {4},
	Title = {Developing Scientific Software},
	Volume = {25},
	Year = {2008},
	Bdsk-File-1 = {YnBsaXN0MDDUAQIDBAUGJCVYJHZlcnNpb25YJG9iamVjdHNZJGFyY2hpdmVyVCR0b3ASAAGGoKgHCBMUFRYaIVUkbnVsbNMJCgsMDxJXTlMua2V5c1pOUy5vYmplY3RzViRjbGFzc6INDoACgAOiEBGABIAFgAdccmVsYXRpdmVQYXRoWWFsaWFzRGF0YV8QHy4uLy4uLy4uL0Rlc2t0b3AvMjB0aC1zZWdhbC5wZGbSFwsYGVdOUy5kYXRhTxEBdgAAAAABdgACAAAFMjUwR0IAAAAAAAAAAAAAAAAAAAAAAAAAAAAAx9RfkUgrAAAAaNLnDjIwdGgtc2VnYWwucGRmAAAAAAAAAAAAAAAAAAAAAAAAAAAAAAAAAAAAAAAAAAAAAAAAAAAAAAAAAAAAAAAAAADCcoHNz7chAAAAAAAAAAAAAwACAAAJIAAAAAAAAAAAAAAAAAAAAAdEZXNrdG9wAAAQAAgAAMfUl9EAAAARAAgAAM3P72EAAAABAAwAaNLnAGjS3AAAkvMAAgAzMjUwR0I6VXNlcnM6bmlybWl0aGFrb290aG9vcjpEZXNrdG9wOjIwdGgtc2VnYWwucGRmAAAOAB4ADgAyADAAdABoAC0AcwBlAGcAYQBsAC4AcABkAGYADwAMAAUAMgA1ADAARwBCABIALVVzZXJzL25pcm1pdGhha29vdGhvb3IvRGVza3RvcC8yMHRoLXNlZ2FsLnBkZgAAEwABLwAAFQACABf//wAAgAbSGxwdHlokY2xhc3NuYW1lWCRjbGFzc2VzXU5TTXV0YWJsZURhdGGjHR8gVk5TRGF0YVhOU09iamVjdNIbHCIjXE5TRGljdGlvbmFyeaIiIF8QD05TS2V5ZWRBcmNoaXZlctEmJ1Ryb290gAEACAARABoAIwAtADIANwBAAEYATQBVAGAAZwBqAGwAbgBxAHMAdQB3AIQAjgCwALUAvQI3AjkCPgJJAlICYAJkAmsCdAJ5AoYCiQKbAp4CowAAAAAAAAIBAAAAAAAAACgAAAAAAAAAAAAAAAAAAAKl}}

@techreport{QAstandards:1999,
	Author = {CSA},
	Date-Added = {2013-05-28 12:32:04 -0400},
	Date-Modified = {2013-05-28 12:38:48 -0400},
	Institution = {Canadian Standards Association},
	Month = {March},
	Number = {N286.7-99},
	Title = {Quality assurance of analytical, scientific, and design computer programs for nuclear power plants},
	Year = {1999}}

@techreport{NASA1989,
	Author = {NASA},
	Date-Added = {2013-05-27 18:37:05 -0400},
	Date-Modified = {2013-05-27 18:37:59 -0400},
	Institution = {National Aeronautics and Space Agency},
	Title = {Software requirements {DID}, {SMAP-DID-P200-SW}, Release 4.3},
	Year = {1989}}

@book{IEEE2000,
	Date-Added = {2013-05-27 18:27:42 -0400},
	Date-Modified = {2013-05-27 18:29:11 -0400},
	Edition = {2nd},
	Editor = {R. H. Thayer and M. Dorfman},
	Publisher = {IEEE Computer Society, Washington, DC, USA},
	Title = {IEEE Recommended Practice for Software Requirements Specifications},
	Year = {2000}}

@techreport{ESA1991,
	Author = {ESA},
	Date-Added = {2013-05-27 18:24:25 -0400},
	Date-Modified = {2013-05-27 18:25:16 -0400},
	Institution = {European Space Agency},
	Title = {{ESA} Software Engineering Standards, {PSS-05-0} Issue 2},
	Year = {February 1991}}

@book{Davis1993,
	Address = {Upper Saddle River, NJ, USA},
	Author = {Alan M. Davis},
	Date-Added = {2013-05-27 16:02:32 -0400},
	Date-Modified = {2013-05-27 16:03:20 -0400},
	Publisher = {Prentice Hall PTR},
	Title = {Software Requirements: Objects, Functions, and States},
	Year = {1993}}

@book{SommervilleAndSawyer1997,
	Author = {I. Sommerville and P. Sawyer},
	Date-Added = {2013-05-27 15:57:33 -0400},
	Date-Modified = {2013-06-02 16:21:36 -0400},
	Publisher = {John Wiley \& Sons Ltd.},
	Title = {Requirement Engineering: A Good Practice Guide},
	Year = {1997}}

@mastersthesis{Sanga:2003,
	Address = {Hamilton, ON},
	Author = {B. Sanga},
	Date-Added = {2013-05-27 15:31:56 -0400},
	Date-Modified = {2013-06-02 16:24:40 -0400},
	Month = {August},
	School = {Computing and Software Department, McMaster University},
	Title = {Assessing and Improving the Quality of Software Requirements Specification Documents ({SRSD}s)},
	Type = {Thesis for {M}.{S}c. Program},
	Year = {2003}}

@article{Heninger:1980,
	Author = {Kathryn L. Heninger},
	Date-Added = {2013-05-27 11:52:15 -0400},
	Date-Modified = {2013-05-27 11:59:43 -0400},
	Journal = {IEEE Transactions on Software Engineering},
	Month = {January},
	Number = {1},
	Pages = {2-13},
	Title = {Specifying Software Requirement for Complex System: New Techniques and Their Application},
	Volume = {6},
	Year = {1980}}

@webpage{CTAN:2013,
	Author = {Joachim Schrod},
	Date-Added = {2013-05-21 10:34:22 -0400},
	Date-Modified = {2013-06-02 16:34:09 -0400},
	Lastchecked = {20th May},
	Title = {{CTAN, the Comprehensive {TEX} Archieve Network}},
	Url = {http://www.ctan.org/tex-archive/macros/latex/contrib/cweb},
	Year = {2013},
	Bdsk-Url-1 = {http://www.ctan.org/tex-archive/macros/latex/contrib/cweb}}

@techreport{VnodeNedialkov,
	Author = {Nedialko S. Nedialkov},
	Date-Added = {2013-05-20 22:48:25 -0400},
	Date-Modified = {2013-06-02 16:24:23 -0400},
	Institution = {Department of Computing and Software, McMaster University},
	Number = {{CAS-10-02-NN}},
	Title = {{Implementing a Rigorous {ODE} Solver through Literate Programming}},
	Year = {2010},
	Bdsk-File-1 = {YnBsaXN0MDDUAQIDBAUGJCVYJHZlcnNpb25YJG9iamVjdHNZJGFyY2hpdmVyVCR0b3ASAAGGoKgHCBMUFRYaIVUkbnVsbNMJCgsMDxJXTlMua2V5c1pOUy5vYmplY3RzViRjbGFzc6INDoACgAOiEBGABIAFgAdccmVsYXRpdmVQYXRoWWFsaWFzRGF0YV8QHS4uLy4uLy4uL0Rlc2t0b3Avdm5vZGVsaXQucGRm0hcLGBlXTlMuZGF0YU8RAW4AAAAAAW4AAgAABTI1MEdCAAAAAAAAAAAAAAAAAAAAAAAAAAAAAMfUX5FIKwAAAGjS5wx2bm9kZWxpdC5wZGYAAAAAAAAAAAAAAAAAAAAAAAAAAAAAAAAAAAAAAAAAAAAAAAAAAAAAAAAAAAAAAAAAAAAAv3lozb2T1QAAAAAAAAAAAAMAAgAACSAAAAAAAAAAAAAAAAAAAAAHRGVza3RvcAAAEAAIAADH1JfRAAAAEQAIAADNvcwVAAAAAQAMAGjS5wBo0twAAJLzAAIAMTI1MEdCOlVzZXJzOm5pcm1pdGhha29vdGhvb3I6RGVza3RvcDp2bm9kZWxpdC5wZGYAAA4AGgAMAHYAbgBvAGQAZQBsAGkAdAAuAHAAZABmAA8ADAAFADIANQAwAEcAQgASACtVc2Vycy9uaXJtaXRoYWtvb3Rob29yL0Rlc2t0b3Avdm5vZGVsaXQucGRmAAATAAEvAAAVAAIAF///AACABtIbHB0eWiRjbGFzc25hbWVYJGNsYXNzZXNdTlNNdXRhYmxlRGF0YaMdHyBWTlNEYXRhWE5TT2JqZWN00hscIiNcTlNEaWN0aW9uYXJ5oiIgXxAPTlNLZXllZEFyY2hpdmVy0SYnVHJvb3SAAQAIABEAGgAjAC0AMgA3AEAARgBNAFUAYABnAGoAbABuAHEAcwB1AHcAhACOAK4AswC7Ai0CLwI0Aj8CSAJWAloCYQJqAm8CfAJ/ApEClAKZAAAAAAAAAgEAAAAAAAAAKAAAAAAAAAAAAAAAAAAAAps=}}

@book{CWEB:1993,
	Address = {pub-AW:adr},
	Author = {Donald E. Knuth and Silvio Levy},
	Date-Added = {2013-05-20 22:21:40 -0400},
	Date-Modified = {2013-06-02 16:16:58 -0400},
	Publisher = {pub-AW},
	Title = {{The {CWEB} System of Structured Documentation, Version 3.0}},
	Year = {1993}}

@article{Noweb:1997,
	Author = {{Andrew L. Johnson and Brad C. Johnson}},
	Date-Added = {2013-05-20 21:51:51 -0400},
	Date-Modified = {2013-06-02 16:10:21 -0400},
	Journal = {j-LINUX-JOURNAL},
	Month = {October},
	Pages = {{64--69}},
	Title = {{Literate Programming Using {\tt Noweb}}},
	Volume = {{42}},
	Year = {1997}}

@techreport{WEB:1983,
	Address = {{Stanford, {CA}}},
	Author = {{Donald E. Knuth}},
	Date-Added = {2013-05-20 21:30:35 -0400},
	Date-Modified = {2013-06-02 16:19:31 -0400},
	Institution = {{Stanford University}},
	Month = {September},
	Number = {STAN-CS-83-980},
	Title = {The WEB System of Structured Documentation},
	Type = {{Stanford Computer Science Report}},
	Year = {1983},
	Bdsk-File-1 = {YnBsaXN0MDDUAQIDBAUGJCVYJHZlcnNpb25YJG9iamVjdHNZJGFyY2hpdmVyVCR0b3ASAAGGoKgHCBMUFRYaIVUkbnVsbNMJCgsMDxJXTlMua2V5c1pOUy5vYmplY3RzViRjbGFzc6INDoACgAOiEBGABIAFgAdccmVsYXRpdmVQYXRoWWFsaWFzRGF0YV8QIS4uLy4uLy4uL0Rlc2t0b3AvQ1MtVFItODMtOTgwLnBkZtIXCxgZV05TLmRhdGFPEQF+AAAAAAF+AAIAAAUyNTBHQgAAAAAAAAAAAAAAAAAAAAAAAAAAAADH1F+RSCsAAABo0ucQQ1MtVFItODMtOTgwLnBkZgAAAAAAAAAAAAAAAAAAAAAAAAAAAAAAAAAAAAAAAAAAAAAAAAAAAAAAAAAAAAAAAL+9cM3ARm8AAAAAAAAAAAADAAIAAAkgAAAAAAAAAAAAAAAAAAAAB0Rlc2t0b3AAABAACAAAx9SX0QAAABEACAAAzcB+rwAAAAEADABo0ucAaNLcAACS8wACADUyNTBHQjpVc2VyczpuaXJtaXRoYWtvb3Rob29yOkRlc2t0b3A6Q1MtVFItODMtOTgwLnBkZgAADgAiABAAQwBTAC0AVABSAC0AOAAzAC0AOQA4ADAALgBwAGQAZgAPAAwABQAyADUAMABHAEIAEgAvVXNlcnMvbmlybWl0aGFrb290aG9vci9EZXNrdG9wL0NTLVRSLTgzLTk4MC5wZGYAABMAAS8AABUAAgAX//8AAIAG0hscHR5aJGNsYXNzbmFtZVgkY2xhc3Nlc11OU011dGFibGVEYXRhox0fIFZOU0RhdGFYTlNPYmplY3TSGxwiI1xOU0RpY3Rpb25hcnmiIiBfEA9OU0tleWVkQXJjaGl2ZXLRJidUcm9vdIABAAgAEQAaACMALQAyADcAQABGAE0AVQBgAGcAagBsAG4AcQBzAHUAdwCEAI4AsgC3AL8CQQJDAkgCUwJcAmoCbgJ1An4CgwKQApMCpQKoAq0AAAAAAAACAQAAAAAAAAAoAAAAAAAAAAAAAAAAAAACrw==}}

@book{LPByKnuth:1992,
	Address = {pub-SUCSLI:adr},
	Author = {{Donald E. Knuth}},
	Date-Added = {2013-05-18 22:07:41 -0400},
	Date-Modified = {2013-06-02 16:13:24 -0400},
	Publisher = {pub-SUCSLI},
	Series = {{CSLI Lecture Notes Number 27}},
	Title = {Literate Programming},
	Volume = {1},
	Year = {1992}}

@webpage{LiterateProgramming:2013,
	Date-Added = {2013-05-16 16:43:23 -0400},
	Date-Modified = {2013-05-16 16:45:09 -0400},
	Month = {May},
	Url = {http://en.wikipedia.org/wiki/Literate_programming},
	Year = {2013},
	Bdsk-Url-1 = {http://en.wikipedia.org/wiki/Literate_programming}}

@article{SmithEtAl2007,
	Author = {W. Spencer Smith and Lei Lai and Ridha Khedri},
	Date-Added = {2013-05-16 16:32:02 -0400},
	Date-Modified = {2013-06-02 16:23:42 -0400},
	Journal = {Reliable Computing, Special Issue on Reliable Engineering Computation},
	Title = {Requirements Analysis for Engineering Computation: A Systematic Approach for Improving Software Reliability},
	Volume = {13},
	Year = {2007},
	Bdsk-File-1 = {YnBsaXN0MDDUAQIDBAUGJCVYJHZlcnNpb25YJG9iamVjdHNZJGFyY2hpdmVyVCR0b3ASAAGGoKgHCBMUFRYaIVUkbnVsbNMJCgsMDxJXTlMua2V5c1pOUy5vYmplY3RzViRjbGFzc6INDoACgAOiEBGABIAFgAdccmVsYXRpdmVQYXRoWWFsaWFzRGF0YV8QOy4uLy4uLy4uL0Rlc2t0b3AvRHIuU21pdGgvU21pdGhMYWlBbmRLaGVkcmkyMDA3ZnVsbHRleHQucGRm0hcLGBlXTlMuZGF0YU8RAdYAAAAAAdYAAgAABTI1MEdCAAAAAAAAAAAAAAAAAAAAAAAAAAAAAMfUX5FIKwAAAKWprR9TbWl0aExhaUFuZEtoZWRyaTIwMCM4RDJGNzQucGRmAAAAAAAAAAAAAAAAAAAAAAAAAAAAAAAAAAAAAAAAAAAAjS90y+vFPgAAAAAAAAAAAAMAAwAACSAAAAAAAAAAAAAAAAAAAAAIRHIuU21pdGgAEAAIAADH1JfRAAAAEQAIAADL6/1+AAAAAQAQAKWprQBo0ucAaNLcAACS8wACAE0yNTBHQjpVc2VyczpuaXJtaXRoYWtvb3Rob29yOkRlc2t0b3A6RHIuU21pdGg6U21pdGhMYWlBbmRLaGVkcmkyMDAjOEQyRjc0LnBkZgAADgBEACEAUwBtAGkAdABoAEwAYQBpAEEAbgBkAEsAaABlAGQAcgBpADIAMAAwADcAZgB1AGwAbAB0AGUAeAB0AC4AcABkAGYADwAMAAUAMgA1ADAARwBCABIASVVzZXJzL25pcm1pdGhha29vdGhvb3IvRGVza3RvcC9Eci5TbWl0aC9TbWl0aExhaUFuZEtoZWRyaTIwMDdmdWxsdGV4dC5wZGYAABMAAS8AABUAAgAX//8AAIAG0hscHR5aJGNsYXNzbmFtZVgkY2xhc3Nlc11OU011dGFibGVEYXRhox0fIFZOU0RhdGFYTlNPYmplY3TSGxwiI1xOU0RpY3Rpb25hcnmiIiBfEA9OU0tleWVkQXJjaGl2ZXLRJidUcm9vdIABAAgAEQAaACMALQAyADcAQABGAE0AVQBgAGcAagBsAG4AcQBzAHUAdwCEAI4AzADRANkCswK1AroCxQLOAtwC4ALnAvAC9QMCAwUDFwMaAx8AAAAAAAACAQAAAAAAAAAoAAAAAAAAAAAAAAAAAAADIQ==}}

@book{IEEESrs:1998,
	Author = {IEEE},
	Date-Added = {2013-05-14 22:05:50 -0400},
	Date-Modified = {2013-06-02 16:03:31 -0400},
	Keywords = {SRS, requirements, specifications, software, system},
	Month = {June},
	Pages = {4--8},
	Publisher = {IEEE},
	Rating = {1},
	Title = {Recommended practice for Software Requirements Specifications},
	Year = {1998},
	Bdsk-File-1 = {YnBsaXN0MDDUAQIDBAUGJCVYJHZlcnNpb25YJG9iamVjdHNZJGFyY2hpdmVyVCR0b3ASAAGGoKgHCBMUFRYaIVUkbnVsbNMJCgsMDxJXTlMua2V5c1pOUy5vYmplY3RzViRjbGFzc6INDoACgAOiEBGABIAFgAdccmVsYXRpdmVQYXRoWWFsaWFzRGF0YV8QJC4uLy4uLy4uL0Rlc2t0b3AvSUVFRVN0ZDgzMC0xOTk4LnBkZtIXCxgZV05TLmRhdGFPEQGIAAAAAAGIAAIAAAUyNTBHQgAAAAAAAAAAAAAAAAAAAAAAAAAAAADH1F+RSCsAAABo0ucTSUVFRVN0ZDgzMC0xOTk4LnBkZgAAAAAAAAAAAAAAAAAAAAAAAAAAAAAAAAAAAAAAAAAAAAAAAAAAAAAAAAAAAL75uM24ZNoAAAAAAAAAAAADAAIAAAkgAAAAAAAAAAAAAAAAAAAAB0Rlc2t0b3AAABAACAAAx9SX0QAAABEACAAAzbidGgAAAAEADABo0ucAaNLcAACS8wACADgyNTBHQjpVc2VyczpuaXJtaXRoYWtvb3Rob29yOkRlc2t0b3A6SUVFRVN0ZDgzMC0xOTk4LnBkZgAOACgAEwBJAEUARQBFAFMAdABkADgAMwAwAC0AMQA5ADkAOAAuAHAAZABmAA8ADAAFADIANQAwAEcAQgASADJVc2Vycy9uaXJtaXRoYWtvb3Rob29yL0Rlc2t0b3AvSUVFRVN0ZDgzMC0xOTk4LnBkZgATAAEvAAAVAAIAF///AACABtIbHB0eWiRjbGFzc25hbWVYJGNsYXNzZXNdTlNNdXRhYmxlRGF0YaMdHyBWTlNEYXRhWE5TT2JqZWN00hscIiNcTlNEaWN0aW9uYXJ5oiIgXxAPTlNLZXllZEFyY2hpdmVy0SYnVHJvb3SAAQAIABEAGgAjAC0AMgA3AEAARgBNAFUAYABnAGoAbABuAHEAcwB1AHcAhACOALUAugDCAk4CUAJVAmACaQJ3AnsCggKLApACnQKgArICtQK6AAAAAAAAAgEAAAAAAAAAKAAAAAAAAAAAAAAAAAAAArw=}}

@webpage{NewtonsLawofCooling,
	Date-Added = {2013-01-20 15:58:41 -0500},
	Date-Modified = {2013-01-20 16:02:08 -0500},
	Keywords = {Convective cooling, Newtons law, temperature difference, rate of change of heat loss},
	Lastchecked = {20th},
	Month = {January},
	Url = {http://en.wikipedia.org/wiki/Convective_heat_transfer#Newton.27s_law_of_cooling},
	Year = {2013},
	Bdsk-Url-1 = {http://en.wikipedia.org/wiki/Convective_heat_transfer#Newton.27s_law_of_cooling}}

@book{HeatConduction,
	Address = {S-25, Green Park Extension, Uphaar Cinema Market, New Delhi- 110 016(India)},
	Author = {G. S Sawhney},
	Date-Added = {2012-06-23 13:36:12 -0400},
	Date-Modified = {2012-06-23 13:43:31 -0400},
	Edition = {Second},
	Keywords = {heat conduction, cylindrical coordinates},
	Publisher = {LK International Publishing House Pvt. Ltd},
	Title = {Heat and Mass Transfer},
	Url = {http://books.google.ca/books?id=NoABLTMhJwMC&pg=PA30&lpg=PA30&dq=derivation+of+general+heat+conduction+equation+in+3+dimensional+cylindrical+coordinates&source=bl&ots=8bERdT_cp8&sig=nt3aFM16f49JhPu6WJaM6cXVncA&hl=en&sa=X&ei=qu3gT__cLunY0QGonISnDg&ved=0CFoQ6AEwBQ#v=onepage&q=derivation%20of%20general%20heat%20conduction%20equation%20in%203%20dimensional%20cylindrical%20coordinates&f=false},
	Year = {2010},
	Bdsk-Url-1 = {http://books.google.ca/books?id=NoABLTMhJwMC&pg=PA30&lpg=PA30&dq=derivation+of+general+heat+conduction+equation+in+3+dimensional+cylindrical+coordinates&source=bl&ots=8bERdT_cp8&sig=nt3aFM16f49JhPu6WJaM6cXVncA&hl=en&sa=X&ei=qu3gT__cLunY0QGonISnDg&ved=0CFoQ6AEwBQ#v=onepage&q=derivation%20of%20general%20heat%20conduction%20equation%20in%203%20dimensional%20cylindrical%20coordinates&f=false}}

@mastersthesis{Lai2004,
	Author = {Lei Lai},
	Date-Added = {2012-06-20 14:21:10 -0400},
	Date-Modified = {2012-08-02 00:21:23 -0400},
	Month = {September},
	School = {McMaster University, Hamilton, Ontario, Canada},
	Title = {Requirements Documentation for Engineering Mechanics Software: Guidelines, Template and a Case Requirements Documentation for Engineering Mechanics Software: Guidelines, Template and a Case Studycase Study},
	Year = {2004},
	Bdsk-File-1 = {YnBsaXN0MDDUAQIDBAUGJCVYJHZlcnNpb25YJG9iamVjdHNZJGFyY2hpdmVyVCR0b3ASAAGGoKgHCBMUFRYaIVUkbnVsbNMJCgsMDxJXTlMua2V5c1pOUy5vYmplY3RzViRjbGFzc6INDoACgAOiEBGABIAFgAdccmVsYXRpdmVQYXRoWWFsaWFzRGF0YV8QPC4uLy4uLy4uL0RvY3VtZW50cy9QYXBlcnMvVGhlc2lzX0ZpbmFsVmVyc2lvbl9TZXB0N18yMDA0LnBkZtIXCxgZV05TLmRhdGFPEQHWAAAAAAHWAAIAAAUyNTBHQgAAAAAAAAAAAAAAAAAAAAAAAAAAAADH1F+RSCsAAACPgZgfVGhlc2lzX0ZpbmFsVmVyc2lvbl8jOEY3RkZBLnBkZgAAAAAAAAAAAAAAAAAAAAAAAAAAAAAAAAAAAAAAAAAAAI9/+r1k4vwAAAAAAAAAAAADAAMAAAkgAAAAAAAAAAAAAAAAAAAABlBhcGVycwAQAAgAAMfUl9EAAAARAAgAAL1lGzwAAAABABAAj4GYAGjS6QBo0twAAJLzAAIATTI1MEdCOlVzZXJzOm5pcm1pdGhha29vdGhvb3I6RG9jdW1lbnRzOlBhcGVyczpUaGVzaXNfRmluYWxWZXJzaW9uXyM4RjdGRkEucGRmAAAOAEYAIgBUAGgAZQBzAGkAcwBfAEYAaQBuAGEAbABWAGUAcgBzAGkAbwBuAF8AUwBlAHAAdAA3AF8AMgAwADAANAAuAHAAZABmAA8ADAAFADIANQAwAEcAQgASAEpVc2Vycy9uaXJtaXRoYWtvb3Rob29yL0RvY3VtZW50cy9QYXBlcnMvVGhlc2lzX0ZpbmFsVmVyc2lvbl9TZXB0N18yMDA0LnBkZgATAAEvAAAVAAIAF///AACABtIbHB0eWiRjbGFzc25hbWVYJGNsYXNzZXNdTlNNdXRhYmxlRGF0YaMdHyBWTlNEYXRhWE5TT2JqZWN00hscIiNcTlNEaWN0aW9uYXJ5oiIgXxAPTlNLZXllZEFyY2hpdmVy0SYnVHJvb3SAAQAIABEAGgAjAC0AMgA3AEAARgBNAFUAYABnAGoAbABuAHEAcwB1AHcAhACOAM0A0gDaArQCtgK7AsYCzwLdAuEC6ALxAvYDAwMGAxgDGwMgAAAAAAAAAgEAAAAAAAAAKAAAAAAAAAAAAAAAAAAAAyI=}}

@inproceedings{SmithAndLai2005,
	Address = {Paris, France},
	Author = {W. Spencer Smith and Lei Lai},
	Booktitle = {Proceedings of the First International Workshop on Situational Requirements Engineering Processes -- Methods, Techniques and Tools to Support Situation-Specific Requirements Engineering Processes, SREP'05},
	Date-Added = {2012-06-20 13:50:14 -0400},
	Date-Modified = {2012-08-02 00:25:23 -0400},
	Editor = {J. Ralyt\'{e} and P. \.{A}gerfalk and N. Kraiem},
	Month = {August},
	Organization = {In conjunction with 13th IEEE International Requirements Engineering Conference},
	Title = {A New Requirements Template for Scientific Computing},
	Year = {2005},
	Bdsk-File-1 = {YnBsaXN0MDDUAQIDBAUGJCVYJHZlcnNpb25YJG9iamVjdHNZJGFyY2hpdmVyVCR0b3ASAAGGoKgHCBMUFRYaIVUkbnVsbNMJCgsMDxJXTlMua2V5c1pOUy5vYmplY3RzViRjbGFzc6INDoACgAOiEBGABIAFgAdccmVsYXRpdmVQYXRoWWFsaWFzRGF0YV8QLi4uLy4uLy4uL0RvY3VtZW50cy9QYXBlcnMvU21pdGhBbmRMYWlfMjAwNS5wZGbSFwsYGVdOUy5kYXRhTxEBoAAAAAABoAACAAAFMjUwR0IAAAAAAAAAAAAAAAAAAAAAAAAAAAAAx9RfkUgrAAAAj4GYFFNtaXRoQW5kTGFpXzIwMDUucGRmAAAAAAAAAAAAAAAAAAAAAAAAAAAAAAAAAAAAAAAAAAAAAAAAAAAAAAAAAACNLxvL68T8AAAAAAAAAAAAAwADAAAJIAAAAAAAAAAAAAAAAAAAAAZQYXBlcnMAEAAIAADH1JfRAAAAEQAIAADL6/08AAAAAQAQAI+BmABo0ukAaNLcAACS8wACAEIyNTBHQjpVc2VyczpuaXJtaXRoYWtvb3Rob29yOkRvY3VtZW50czpQYXBlcnM6U21pdGhBbmRMYWlfMjAwNS5wZGYADgAqABQAUwBtAGkAdABoAEEAbgBkAEwAYQBpAF8AMgAwADAANQAuAHAAZABmAA8ADAAFADIANQAwAEcAQgASADxVc2Vycy9uaXJtaXRoYWtvb3Rob29yL0RvY3VtZW50cy9QYXBlcnMvU21pdGhBbmRMYWlfMjAwNS5wZGYAEwABLwAAFQACABf//wAAgAbSGxwdHlokY2xhc3NuYW1lWCRjbGFzc2VzXU5TTXV0YWJsZURhdGGjHR8gVk5TRGF0YVhOU09iamVjdNIbHCIjXE5TRGljdGlvbmFyeaIiIF8QD05TS2V5ZWRBcmNoaXZlctEmJ1Ryb290gAEACAARABoAIwAtADIANwBAAEYATQBVAGAAZwBqAGwAbgBxAHMAdQB3AIQAjgC/AMQAzAJwAnICdwKCAosCmQKdAqQCrQKyAr8CwgLUAtcC3AAAAAAAAAIBAAAAAAAAACgAAAAAAAAAAAAAAAAAAALe}}

@article{HollowCylinder,
	Author = {M. Ortuno and A. Marquez and S.Gallego and C.Neipp and A. Belndez},
	Date-Added = {2012-06-20 13:40:12 -0400},
	Date-Modified = {2012-08-02 15:02:36 -0400},
	Journal = {European Journal of Physics},
	Keywords = {Heat transfer, heat conduction, cylindrical coordinates},
	Pages = {3-6},
	Title = {An Experiment in Heat Conduction using Hollow Cylinders},
	Volume = {32},
	Year = {2011},
	Bdsk-File-1 = {YnBsaXN0MDDUAQIDBAUGJCVYJHZlcnNpb25YJG9iamVjdHNZJGFyY2hpdmVyVCR0b3ASAAGGoKgHCBMUFRYaIVUkbnVsbNMJCgsMDxJXTlMua2V5c1pOUy5vYmplY3RzViRjbGFzc6INDoACgAOiEBGABIAFgAdccmVsYXRpdmVQYXRoWWFsaWFzRGF0YV8QNi4uLy4uLy4uL0RvY3VtZW50cy9QYXBlcnMvRUpQX3YzMl9uNF9wMTA2NV8yMDExcHJlLnBkZtIXCxgZV05TLmRhdGFPEQHAAAAAAAHAAAIAAAUyNTBHQgAAAAAAAAAAAAAAAAAAAAAAAAAAAADH1F+RSCsAAACPgZgcRUpQX3YzMl9uNF9wMTA2NV8yMDExcHJlLnBkZgAAAAAAAAAAAAAAAAAAAAAAAAAAAAAAAAAAAAAAAAAAAAAAAI9o+8wGWO5QREYgQ0FSTwADAAMAAAkgAAAAAAAAAAAAAAAAAAAABlBhcGVycwAQAAgAAMfUl9EAAAARAAgAAMwGkS4AAAABABAAj4GYAGjS6QBo0twAAJLzAAIASjI1MEdCOlVzZXJzOm5pcm1pdGhha29vdGhvb3I6RG9jdW1lbnRzOlBhcGVyczpFSlBfdjMyX240X3AxMDY1XzIwMTFwcmUucGRmAA4AOgAcAEUASgBQAF8AdgAzADIAXwBuADQAXwBwADEAMAA2ADUAXwAyADAAMQAxAHAAcgBlAC4AcABkAGYADwAMAAUAMgA1ADAARwBCABIARFVzZXJzL25pcm1pdGhha29vdGhvb3IvRG9jdW1lbnRzL1BhcGVycy9FSlBfdjMyX240X3AxMDY1XzIwMTFwcmUucGRmABMAAS8AABUAAgAX//8AAIAG0hscHR5aJGNsYXNzbmFtZVgkY2xhc3Nlc11OU011dGFibGVEYXRhox0fIFZOU0RhdGFYTlNPYmplY3TSGxwiI1xOU0RpY3Rpb25hcnmiIiBfEA9OU0tleWVkQXJjaGl2ZXLRJidUcm9vdIABAAgAEQAaACMALQAyADcAQABGAE0AVQBgAGcAagBsAG4AcQBzAHUAdwCEAI4AxwDMANQCmAKaAp8CqgKzAsECxQLMAtUC2gLnAuoC/AL/AwQAAAAAAAACAQAAAAAAAAAoAAAAAAAAAAAAAAAAAAADBg==}}

@manual{FPManual,
	Author = {FPManual},
	Date-Added = {2012-06-20 13:28:34 -0400},
	Date-Modified = {2014-10-01 14:23:45 +0000},
	Keywords = {temperatures, resistances},
	Month = {March},
	Organization = {Nuclear Power Generation Company},
	Rating = {5},
	Read = {1},
	Title = {FP Manual},
	Year = {1982},
	Bdsk-File-1 = {YnBsaXN0MDDUAQIDBAUGJCVYJHZlcnNpb25YJG9iamVjdHNZJGFyY2hpdmVyVCR0b3ASAAGGoKgHCBMUFRYaIVUkbnVsbNMJCgsMDxJXTlMua2V5c1pOUy5vYmplY3RzViRjbGFzc6INDoACgAOiEBGABIAFgAdccmVsYXRpdmVQYXRoWWFsaWFzRGF0YV8QMy4uLy4uLy4uL0RvY3VtZW50cy9QYXBlcnMvZW5naW5lZXItbWFudWFsLTgyMDM0LnBkZtIXCxgZV05TLmRhdGFPEQG2AAAAAAG2AAIAAAUyNTBHQgAAAAAAAAAAAAAAAAAAAAAAAAAAAADH1F+RSCsAAACPgZgZZW5naW5lZXItbWFudWFsLTgyMDM0LnBkZgAAAAAAAAAAAAAAAAAAAAAAAAAAAAAAAAAAAAAAAAAAAAAAAAAAAIMIvsujIToAAAAAAAAAAAADAAMAAAkgAAAAAAAAAAAAAAAAAAAABlBhcGVycwAQAAgAAMfUl9EAAAARAAgAAMujWXoAAAABABAAj4GYAGjS6QBo0twAAJLzAAIARzI1MEdCOlVzZXJzOm5pcm1pdGhha29vdGhvb3I6RG9jdW1lbnRzOlBhcGVyczplbmdpbmVlci1tYW51YWwtODIwMzQucGRmAAAOADQAGQBlAG4AZwBpAG4AZQBlAHIALQBtAGEAbgB1AGEAbAAtADgAMgAwADMANAAuAHAAZABmAA8ADAAFADIANQAwAEcAQgASAEFVc2Vycy9uaXJtaXRoYWtvb3Rob29yL0RvY3VtZW50cy9QYXBlcnMvZW5naW5lZXItbWFudWFsLTgyMDM0LnBkZgAAEwABLwAAFQACABf//wAAgAbSGxwdHlokY2xhc3NuYW1lWCRjbGFzc2VzXU5TTXV0YWJsZURhdGGjHR8gVk5TRGF0YVhOU09iamVjdNIbHCIjXE5TRGljdGlvbmFyeaIiIF8QD05TS2V5ZWRBcmNoaXZlctEmJ1Ryb290gAEACAARABoAIwAtADIANwBAAEYATQBVAGAAZwBqAGwAbgBxAHMAdQB3AIQAjgDEAMkA0QKLAo0CkgKdAqYCtAK4Ar8CyALNAtoC3QLvAvIC9wAAAAAAAAIBAAAAAAAAACgAAAAAAAAAAAAAAAAAAAL5}}

@comment{BibDesk Static Groups{
<?xml version="1.0" encoding="UTF-8"?>
<!DOCTYPE plist PUBLIC "-//Apple//DTD PLIST 1.0//EN" "http://www.apple.com/DTDs/PropertyList-1.0.dtd">
<plist version="1.0">
<array>
	<dict>
		<key>group name</key>
		<string>Group</string>
		<key>keys</key>
		<string></string>
	</dict>
</array>
</plist>
}}
