@book{gamma1995design,
	title={Design patterns: elements of reusable object-oriented software},
	author={Gamma, Erich},
	year={1995},
	publisher={Pearson Education India}
}

@article{mernik2005and,
	title={When and how to develop domain-specific languages},
	author={Mernik, Marjan and Heering, Jan and Sloane, Anthony M},
	journal={ACM computing surveys (CSUR)},
	volume={37},
	number={4},
	pages={316--344},
	year={2005},
	publisher={ACM}
}

@article{scholtz1990learning,
	title={Learning second and subsequent programming languages: A problem of 
	transfer},
	author={Scholtz, Jean and Wiedenbeck, Susan},
	journal={International Journal of Human-Computer Interaction},
	volume={2},
	number={1},
	pages={51--72},
	year={1990},
	publisher={Taylor \& Francis}
}

@inproceedings{alexandron2012effect,
	title={The effect of previous programming experience on the learning of 
	scenario-based programming},
	author={Alexandron, Giora and Armoni, Michal and Gordon, Michal and Harel, 
	David},
	booktitle={Proceedings of the 12th Koli Calling International Conference on 
	Computing Education Research},
	pages={151--159},
	year={2012},
	organization={ACM}
}

@misc{Haxe,
    Title = {Haxe - The cross-platform toolkit},
    URL = {https://haxe.org},
    Note = {Accessed 2019-09-13}}

@article{kovesdan2017multi,
	title={Multi-Platform Code Generation Supported by Domain-Specific 
	Modeling},
	author={K{\"o}vesd{\'a}n, G{\'a}bor and Lengyel, L{\'a}szl{\'o}},
	journal={International Journal of Information Technology and Computer 
	Science},
	volume={9},
	number={12},
	pages={11--18},
	year={2017}
}

@inproceedings{harrand2016thingml,
	title={Thingml: a language and code generation framework for heterogeneous 
	targets},
	author={Harrand, Nicolas and Fleurey, Franck and Morin, Brice and Husa, 
	Knut Eilif},
	booktitle={Proceedings of the ACM/IEEE 19th International Conference on 
	Model Driven Engineering Languages and Systems},
	pages={125--135},
	year={2016},
	organization={ACM}
}

@article{budinsky1996automatic,
	title={Automatic code generation from design patterns},
	author={Budinsky, Frank J. and Finnie, Marilyn A. and Vlissides, John M. 
	and Yu, Patsy S.},
	journal={IBM systems Journal},
	volume={35},
	number={2},
	pages={151--171},
	year={1996},
	publisher={IBM}
}

@misc{Protobuf,
    Title = {Google Protocol Buffers},
    URL = {https://developers.google.com/protocol-buffers/},
    Note = {Accessed 2019-09-16}}

@article{slee2007thrift,
	title={Thrift: Scalable cross-language services implementation},
	author={Slee, Mark and Agarwal, Aditya and Kwiatkowski, Marc},
	journal={Facebook White Paper},
	volume={5},
	number={8},
	year={2007}
}

@inproceedings{swint2005clearwater,
	title={Clearwater: extensible, flexible, modular code generation},
	author={Swint, Galen S and Pu, Calton and Jung, Gueyoung and Yan, Wenchang 
	and Koh, Younggyun and Wu, Qinyi and Consel, Charles and Sahai, Akhil and 
	Moriyama, Koichi},
	booktitle={Proceedings of the 20th IEEE/ACM international Conference on 
	Automated software engineering},
	pages={144--153},
	year={2005},
	organization={ACM}
}

@inproceedings{de2004glue,
	title={Glue code generation: Closing the loophole in model-based 
	development},
	author={de Niz, Dionisio and Rajkumar, Raj},
	booktitle={10th IEEE Real-Time and Embedded Technology and Applications 
	Symposium (RTAS 2004). Workshop on Model-Driven Embedded Systems},
	year={2004},
	organization={Citeseer}
}

@inproceedings{kramer2010mobdsl,
	title={MobDSL: A Domain Specific Language for multiple mobile platform 
	deployment},
	author={Kramer, Dean and Clark, Tony and Oussena, Samia},
	booktitle={2010 IEEE International Conference on Networked Embedded Systems 
	for Enterprise Applications},
	pages={1--7},
	year={2010},
	organization={IEEE}
}

@inproceedings{ribeiro2014xis,
	title={Xis-mobile: A dsl for mobile applications},
	author={Ribeiro, Andr{\'e} and da Silva, Alberto Rodrigues},
	booktitle={Proceedings of the 29th Annual ACM Symposium on Applied 
	Computing},
	pages={1316--1323},
	year={2014},
	organization={ACM}
}

@misc{Conjure,
    Title = {Conjure: a code-generator for multi-language HTTP/JSON clients and 
    servers},
    URL = {https://palantir.github.io/conjure/#/},
    Note = {Accessed 2019-09-16}}